2326 3488
305 197 369 249 18

792 191 1117 246 HORATII
1168 177 1589 250 CARMINU‘M

452 311 652 369 tristes
691 318 761 369 ut
799 312 937 384 irae,
979 331 1125 388 quas
1165 332 1354 389 neque
1394 314 1649 374 Noricus

452 406 711 465 deterret
749 408 904 465 ensis
942 427 1050 465 nec
1088 428 1250 467 mare
1289 408 1644 486 naufragum

610 522 718 561 nec
758 523 968 561 saevus
1007 505 1161 580 ignis
1201 526 1309 564 nec
1347 507 1654 567 tremendo

766 600 1047 676 Iuppiter
1076 602 1202 678 ipse
1242 622 1418 660 ruens
1456 605 1736 664 tumultu.

450 706 643 765 fertur
681 705 1081 780 Prometheus,
1124 710 1341 767 addere
1380 711 1633 787 principi

449 803 590 860 limo
631 809 864 861 coactus
902 804 1256 880 particulam
1296 806 1556 881 undique

607 899 914 972 desectam,
959 906 1022 959 et
1058 901 1256 959 insani
1295 902 1482 959 leonis

764 997 889 1054 vim
929 997 1228 1055 stomacho
1267 998 1603 1074 apposuisse
1643 1005 1858 1058 nostro.

445 1106 569 1164 irae
608 1106 904 1183 Thyesten
943 1108 1127 1165 exitio
1167 1109 1335 1182 gravi

448 1206 710 1259 stravere
748 1207 812 1258 et
850 1202 988 1260 altis
1027 1203 1273 1260 urbibus
1313 1203 1557 1262 ultimae

606 1302 821 1364 stetere
861 1316 1083 1369 causae,
1127 1317 1234 1355 cur
1270 1299 1532 1374 perirent

763 1393 1036 1452 funditus
1075 1394 1554 1470 imprimeretque
1592 1396 1778 1453 muris

445 1503 658 1563 hostile
696 1511 961 1563 aratrum
1001 1506 1295 1562 exercitus
1333 1505 1603 1565 insolens.

444 1619 738 1676 compesce
778 1608 1063 1659 mentem:
1117 1619 1213 1658 me
1252 1619 1484 1676 quoque
1522 1603 1773 1678 pectoris

601 1695 858 1754 tentavit
895 1695 962 1752 in
1001 1693 1158 1752 dulci
1197 1695 1453 1753 iuventa·
1496 1695 1499 1698 ’

760 1790 960 1849 fervor
1000 1797 1061 1848 et
1099 1792 1167 1849 in
1205 1792 1418 1849 celeres
1457 1793 1679 1850 ‘iambos

443 1904 605 1962 misit
644 1904 942 1975 furentem
954 1924 972 1977 3
1024 1923 1185 1963 nunc
1225 1923 1331 1981 ego
1372 1906 1618 1963 mitibus

443 2005 673 2058 mutare
713 2019 929 2076 quaero
969 2000 1184 2073 tristia,
1228 2001 1371 2058 dum
1409 2001 1558 2058 mihi

600 2094 706 2152 fias
744 2095 1063 2152 recantatis
1101 2095 1291 2151 amica

756 2189 1085 2265 opprobriis
1123 2190 1502 2266 animumque
1541 2188 1764 2248 reddas.
1848 2237 1852 2243 .

861 2526 1222 2584 GARMEN
1263 2524 1476 2585 XVII.
1549 2471 1631 2584 Ns

592 2619 605 2654 l

436 2724 631 2822 Velox
669 2742 980 2782 amoenum
1019 2742 1192 2798 saepe
1232 2723 1584 2782 Lucretilem

435 2824 629 2875 mutat
632 2817 897 2926 Lycaeo
939 2818 1183 2875 Faunus
1221 2824 1284 2876 et
1320 2819 1551 2894 igneam

592 2891 859 2969 defendit
897 2919 1184 2971 aestatem
1224 2915 1460 2991 capellis

752 3024 936 3079 usque
975 3008 1123 3065 meis
1163 3009 1508 3087 pluviosque
1547 3015 1769 3068 ventos.
