2326 3488
251 269 319 319 30

743 255 1070 312 HORATII
1117 252 1540 309 CARMINUM

798 425 1155 485 OARMEN
1197 404 1479 480 XXXII.
1782 338 1938 469 fs

409 559 727 619 Poscimur.
811 556 862 613 si
901 554 1047 632 quid
1085 553 1258 611 vacui
1297 552 1407 610 sub
1446 553 1656 626 umbra

408 652 654 714 lusimus
692 659 904 723 tecum,
947 649 1104 726 quod
1145 654 1207 707 et
1245 647 1403 705 hunc
1441 647 1508 704 in
1544 665 1769 704 annum

410 753 576 810 vivat
616 756 677 807 ee
716 748 929 825 plures,
973 765 1096 820 age,
1140 744 1236 802 dic
1277 707 1423 800 La(
1393 761 1576 815 mum,
1617 775 1667 787 -ν
1729 769 1852 805 mm
1879 708 2031 1016 ‘ybas
1993 682 2171 804 5315&

646 845 891 915 barbite,
934 860 1186 911 carmen,

411 957 622 1015 Lesbio
661 954 917 1030 primum
956 951 1257 1009 modulate
1296 949 1427 1019 civi,

410 1052 513 1127 qui
553 1051 722 1107 ferox
759 1047 913 1105 bello
953 1052 1155 1119 tamen
1193 1045 1352 1102 inter
1389 1063 1569 1116 arma,

411 1149 537 1206 sive
575 1146 855 1203 iactatam
888 1143 1171 1217 religarat
1209 1140 1328 1209 udo

650 1240 824 1297 litore
863 1239 1081 1309 navim,

414 1351 693 1409 Liberum
733 1356 795 1408 et
834 1348 1041 1406 Musas
1080 1348 1492 1425 Veneremque
1530 1352 1594 1407 eb
1629 1328 1722 1406 illi

413 1467 639 1523 semper
675 1446 1015 1504 haereniaem
1053 1463 1302 1521 puerum
1341 1445 1590 1503 canebat

414 1547 475 1598 et
515 1541 739 1616 Lycum
778 1539 964 1615 nigris
1003 1538 1188 1596 oculis
1226 1538 1511 1613 nigroque

650 1636 811 1694 crine
849 1635 1137 1694 decorum.

415 1769 452 1807 o
491 1748 667 1806 decus
705 1747 929 1805 Phoebi
970 1754 1030 1805 et,
1070 1746 1321 1822 dapibus
1361 1744 1621 1823 supremi

415 1851 585 1920 grata
623 1843 860 1903 testudo
899 1844 1078 1915 Iovis,
1122 1844 1467 1908 claborum

417 1942 585 1999 dulce
623 1941 895 2011 lenimen,
939 1939 1084 1996 mihi
1125 1957 1356 2015 cunque
1395 1937 1558 1996 salve
1991 1964 2039 2003 15

654 2037 769 2094 rite
807 2034 1057 2094 vocanti.

784 2232 1143 2290 CARMEN
1187 2232 1506 2291 XXXIII.

417 2363 580 2435 Albi,
622 2383 698 2422 ne
736 2363 934 2422 doleas
972 2365 1105 2440 plus
1144 2363 1329 2420 nimio
1367 2381 1590 2420 memor

419 2459 665 2516 immitis
705 2459 1003 2538 Glycerae,
1046 2478 1165 2517 neu
1204 2459 1565 2516 miserabiles

421 2555 694 2613 decantes
733 2556 938 2629 elegos,
982 2574 1087 2612 cur
1124 2555 1240 2611 tibi
1278 2553 1479 2610 iunior

579 2649 738 2708 laesa
777 2651 1108 2726 praeniteat
1146 2650 1279 2707 fide.

421 2764 710 2837 insignem
748 2764 918 2821 tenui
955 2756 1151 2822 fronte
1192 2762 1481 2839 Lycorida
2019 2789 2044 2827 ⁵

424 2857 566 2931 Cyri
602 2864 790 2917 torreta
826 2879 1006 2932 amor,
1051 2860 1242 2935 Cyrus
1278 2859 1345 2915 in
1381 2875 1646 2934 asperam

426 2951 680 3009 declinat
719 2953 1012 3027 Pholoen3
1068 2955 1171 3012 sed
1210 2954 1378 3029 prius
1412 2954 1631 3029 Apulis

583 3048 902 3123 iungentur
941 3070 1182 3125 capreae
1221 3050 1391 3125 lupis,
