2326 3488
308 196 379 248 20
807 191 1135 247 HORATII
1185 191 1608 248 CARMINUM

308 309 473 368 siccis
512 309 710 367 omnia
746 327 886 367 nam
925 309 1075 367 dura
1114 309 1260 368 deus
1297 311 1617 387 proposuit,
1658 329 1849 388 neque

309 406 608 464 mordaoes
644 405 820 463 aliter
857 405 1180 481 diffugiunt
1218 405 1659 464 sollicitudines.

309 503 444 578 quis
488 508 623 577 post
667 502 811 560 vina
853 520 1094 578 gravem
1133 502 1410 561 militiam
1448 508 1557 561 aut
1594 502 1932 623 pauperiem
1975 524 2095 562 cre-

470 596 614 672 pat?

310 692 444 768 quis
469 711 590 751 non
615 696 678 750 te
703 692 918 770 potius,
948 692 1179 750 Bacche
1204 700 1391 770 pater,
1409 698 1602 768 teque,
1624 692 1833 751 decens
1855 631 2098 752 Venus}

310 794 390 860 at,
432 806 509 846 113
548 788 681 864 (11113
719 788 933 846 modici
970 788 1273 846 transiliat
1311 808 1558 848 munera
1598 790 1815 862 Liberi,

314 885 648 944 Centaurea
686 891 888 943 monet
926 905 1062 944 311111
1101 886 1375 962 Lapithis
1415 887 1549 944 rixa
1587 906 1765 962 super
1802 903 1962 945 mero
1991 955 2000 962 ⁸

310 982 617 1055 debellata,
659 988 860 1040 monet
899 982 1186 1040 Sithoniis
1225 1002 1346 1041 non
1385 982 1534 1040 levis
1574 983 1777 1055 Euius,

311 1099 446 1138 cum
485 1080 578 1137 133
616 1084 795 1155 atque
834 1079 1002 1137 nefas
1042 1080 1258 1154 exiguo
1296 1079 1415 1137 fine
1453 1079 1770 1136 libidinum

312 1175 655 1233 discernunt
692 1175 870 1234 avidi.
954 1194 1077 1232 non
1116 1194 1222 1250 ego
1261 1180 1339 1246 te,
1384 1173 1631 1232 candide
1671 1173 1977 1246 Bassareu,

312 1270 571 1327 invitum
610 1269 890 1345 quatiam,
935 1289 1044 1327 1133
1082 1269 1266 1327 variis
1304 1268 1497 1327 obsita
1536 1268 1847 1325 frondibus

314 1366 423 1424 sub
464 1365 668 1423 divum
708 1364 954 1441 rapiam.
1034 1384 1211 1423 saeva
1250 1370 1387 1422 tene
1427 1383 1560 1421 311111
1602 1364 1953 1440 Berecyntio

313 1479 496 1518 cornu
534 1466 833 1536 tympana,
876 1479 1028 1537 quae
1067 1461 1447 1536 subsequitur
1485 1478 1689 1518 caecus
1731 1453 1920 1517 Amor
1960 1462 2069 1528 sui,

314 1563 377 1614 et
415 1555 629 1614 tollens
667 1574 918 1613 vacuum
958 1555 1093 1631 plus
1131 1556 1318 1613 nimio
1358 1555 1563 1613 Gloria
1603 1556 1901 1629 verticem,
2056 1589 2100 1625 15

315 1652 628 1728 arcanique
667 1650 843 1709 Fides
881 1649 1140 1728 prodiga,
1184 1649 1539 1726 perlucidior
1577 1651 1751 1710 vitro.

916 1845 1282 1904 CARMEN
1319 1845 1499 1909 XIX.

635 1974 836 2034 Mater
873 1993 1050 2034 saeva
1090 1975 1455 2052 Cupidinum

475 2070 901 2147 Thebanaeque
940 2072 1107 2129 iubet
1145 2092 1241 2130 me
1282 2073 1536 2132 Semeles
1575 2091 1725 2150 puer

635 2174 699 2227 et
736 2168 956 2226 lasciva
996 2168 1266 2226 Licentia

477 2262 665 2320 finitis
702 2263 966 2322 animum
1004 2261 1250 2320 reddere
1289 2261 1601 2320 amoribus.

637 2358 762 2415 urit
800 2376 895 2415 me
935 2357 1219 2433 Glycerae
1258 2358 1419 2416 nitor
2083 2386 2106 2424 ς

479 2452 843 2529 splendentis
883 2450 1060 2510 Pario
1099 2470 1390 2510 marmore
1428 2450 1674 2528 purius3

637 2547 763 2604 urit
800 2551 971 2621 grata
1008 2546 1366 2622 protervitas

480 2648 543 2702 et
580 2643 780 2702 voltus
817 2642 1068 2699 nimium
1106 2642 1368 2699 lubricus
1406 2640 1644 2717 adspici.

639 2739 706 2796 in
743 2757 838 2796 me
876 2742 1008 2796 tota
1046 2755 1226 2795 ruens
1266 2737 1478 2794 Venus

483 2832 746 2909 Cyprum
786 2832 1060 2905 deseruit,
1103 2851 1214 2890 neo
1252 2832 1483 2908 patitur
1522 2831 1773 2909 Scythas

643 2932 706 2983 et
743 2928 930 2984 versis
968 2928 1299 2986 animosum
1338 2927 1506 3004 equis

486 3020 776 3079 Parthum
815 3021 1007 3080 dicere
1046 3042 1155 3082 1133
1194 3043 1345 3101 (11133
1384 3024 1538 3083 nihil
1576 3024 1855 3083 attinent.
