2326 3488
725 198 867 257 ΠΒ.
918 198 964 254 1.
1012 198 1177 255 CAR.
1226 199 1328 256 VI.
1892 203 1926 285 ⁷.

307 311 618 396 *simplex
653 319 1001 377 munditiis‘l
1065 319 1184 377 heu
1223 320 1453 396 quoties
1493 320 1669 379 fidem
1901 352 1925 390 ς

371 417 746 489 mutatosque
785 413 925 471 deos
962 413 1129 471 flebit
1169 419 1233 471 et
1270 433 1476 490 aspera

537 508 724 585 nigris
762 526 1019 605 aequora
1055 509 1255 567 ventis

687 605 1035 663 emirabitur
1071 605 1349 676 1116016118,

376 715 479 791 qui
518 733 678 774 nunc
716 721 779 774 te
817 714 1058 796 fruitur,
1081 715 1355 774 credulus
1392 733 1607 787 aurea3

373 810 477 885 qui
517 827 747 886 semper
785 828 1049 882 vacuam,
1091 828 1323 886 semper
1360 809 1671 868 amabilem

531 911 731 982 sperat
769 905 1000 964 nescius
1038 923 1220 963 aurae

684 1000 926 1061 fallacis.
1007 1000 1223 1074 miseri,
1267 1000 1482 1077 quibus

301 1115 666 1172 *intentata
703 1113 892 1177 nites!
974 1130 1068 1171 me
1107 1111 1315 1170 tabula
1352 1130 1519 1170 sacer

372 1199 577 1268 voti'va
614 1210 808 1286 paries
845 1209 1071 1267 indicat
1109 1208 1295 1267 uvida

530 1306 899 1381 suspendisse
937 1305 1170 1380 potenti
1877 1331 1924 1369 ις

692 1398 1047 1456 vestimenta
1085 1397 1268 1455 maris
1308 1395 1433 1455 deo.

746 1752 1109 1811 CARMEN
1151 1751 1269 1814 VI.

298 1931 586 1992 Scriberis
625 1930 815 1989 Vario
854 1929 1031 1988 fortis
1067 1934 1131 1988 et
1168 1929 1430 1988 hostium

297 2032 488 2089 victor
524 2028 790 2088 Maeonii
827 2028 1103 2086 carminis
1141 2026 1302 2099 alite,

298 2144 477 2202 quam
515 2144 640 2183 rem
679 2143 908 2200 cunque
946 2123 1115 2182 ferox
1151 2121 1406 2180 navibus
1444 2125 1553 2179 aut
1592 2120 1761 2198 equis

458 2220 628 2278 miles
665 2225 728 2279 te
768 2221 913 2278 duce
951 2220 1225 2295 gesserit:

300 2350 426 2405 nos,
468 2331 754 2408 Agrippa,
796 2349 986 2408 neque
1025 2330 1171 2389 haec
1212 2330 1420 2404 dicere,
1464 2348 1584 2390 nec·
1610 2349 1846 2409 gravem
1904 2358 1927 2397 ⁵

303 2428 543 2486 Pelidae
583 2427 946 2487 stomachum
985 2428 1189 2486 cedere
1227 2429 1425 2499 nescii,

302 2544 410 2583 nee
449 2543 654 2583 cursus
693 2524 941 2600 duplicis
980 2542 1087 2600 per
1125 2542 1287 2582 mare
1327 2523 1553 2596 Ulixei,

461 2640 570 2678 nec
608 2639 842 2677 saevam
882 2618 1117 2695 Pelopis
1156 2619 1398 2678 domum

305 2752 586 2793 conamur
623 2738 832 2791 tenues
869 2731 1132 2809 grandia,
1177 2732 1319 2790 dum
1357 2729 1549 2807 pudor

307 2831 675 2907 imbellisque
711 2830 876 2905 lyrae
917 2829 1095 2886 Musa
1133 2832 1343 2903 potens
1360 2846 1364 2850 ·
1381 2828 1550 2881 vetat

306 2927 510 3007 laudes
548 2925 766 3000 egregii
807 2921 1069 2980 Caesaris
1110 2925 1176 2977 et
1210 2924 1348 2976 tuas

471 3022 642 3098 culpa
682 3021 944 3079 deterere
984 3017 1198 3093 ingeni.
1466 3007 1472 3012 ⁵

714 3319 817 3338 *affl-n-
