2326 3488
695 290 834 345 LIB.
886 289 930 344 I.
981 289 1143 344 CAR.
1196 289 1306 344 ΙΙΙ.

511 411 803 468 commisit
842 409 1047 484 pelago
1087 415 1276 467 ratem

350 505 575 581 primus
614 525 721 563 nec
759 506 965 564 timuit
1003 505 1382 581 praecipitem
1423 505 1698 563 Africum

512 596 908 659 decertantem
947 601 1348 676 Aquilonibus

314 690 317 693 ’
353 715 462 754 1166
499 697 702 755 tristes
743 696 992 772 Hyadas
1030 715 1139 753 nec
1179 676 1422 754 rabiem
1442 677 1609 770 Noti,

518 809 636 865 quo
675 810 797 848 non
836 790 1060 847 arbiter
1101 790 1370 848 Hadriae

353 884 556 957 maior,
598 885 804 942 tollere
843 902 946 943 seu
984 903 1202 960 ponere
1240 885 1368 942 volt
1406 885 1575 944 freta.

513 996 690 1055 quem
727 979 945 1037 Mortis
983 978 1190 1039 timuit
1228 979 1492 1054 gradum,

357 1078 461 1154 qui
501 1077 666 1135 siccis
705 1076 886 1134 oculis
925 1083 1189 1134 monstra
1226 1078 1514 1151 natantia,

520 1172 624 1247 qui
663 1170 818 1229 vidit
857 1190 1018 1229 mare
1057 1172 1363 1247 turgidum
1403 1179 1464 1230 et

355 1267 606 1326 infames
645 1267 911 1342 scopulos
949 1269 1425 1328 Acroceraunia?

515 1364 872 1437 nequiquam
913 1363 1057 1421 deus
1094 1365 1346 1422 abscidit

356 1456 617 1533 prudens
659 1457 892 1514 Oceano
933 1458 1287 1515 dissociabili

514 1557 720 1624 terras,
763 1552 816 1609 si
853 1557 1055 1612 tamen
1093 1553 1309 1629 impiae

356 1665 479 1704 non
514 1646 813 1720 tangenda
852 1653 1008 1704 rates
1047 1648 1394 1706 transiliunt
1430 1648 1598 1707 vada.

518 1740 717 1800 audax
755 1741 953 1799 omnia
991 1743 1221 1819 perpeti

358 1853 509 1913 gens
539 1837 800 1896 humana
839 1838 963 1895 ruit
1001 1857 1107 1913 per
1145 1839 1399 1897 vetitum
1438 1839 1621 1898 nefas,

519 1933 718 1991 audax
757 1934 952 2010 I'apeti
991 1953 1177 2009 genus

359 2025 555 2106 ignem
606 2030 817 2088 fraude
855 2030 1011 2087 mala
1049 2031 1323 2105 gentibus
1362 2030 1583 2089 intulit.

519 2132 655 2202 post
694 2127 890 2202 ignem
929 2126 1192 2184 aetheria
1232 2126 1404 2184 domo

364 2219 718 2279 subductum
758 2222 971 2279 macies
1011 2227 1074 2279 et
1110 2241 1267 2280 nova
1303 2222 1560 2280 febrium

523 2313 699 2374 terris
737 2316 1007 2374 incubuit
1047 2316 1268 2389 cohorS,

363 2407 686 2487 semotique
725 2413 889 2488 prius
929 2413 1102 2470 tarda
1140 2412 1455 2471 necessitas

522 2506 631 2563 leti
669 2508 952 2583 corripuit
990 2508 1255 2582 gradum.

361 2608 640 2679 expertus
677 2622 929 2660 vacuum
970 2603 1270 2661 Daedalus
1309 2613 1444 2661 aera

521 2697 730 2772 pennis
768 2718 890 2755 non
927 2698 1154 2756 homini
1194 2699 1386 2771 datis3

361 2794 630 2869 perrupit
667 2794 1010 2853 Acheronta
1050 2794 1381 2852 Herculeus
1419 2795 1598 2852 labor.

521 2888 610 2947 nil
649 2890 996 2948 mortalibus
1034 2890 1207 2947 ardui
1246 2894 1371 2961 est;

361 2984 586 3041 caelum
625 2984 819 3059 ipsum
857 2985 1113 3060 petimus
1149 2984 1409 3042 stultitia
1447 3003 1636 3061 neque
1698 2996 1705 3002 ·

520 3099 626 3155 per
662 3086 931 3138 nostrum
970 3079 1233 3156 patimur
1270 3079 1457 3138 scelus

360 3175 642 3234 iracunda
681 3176 886 3233 Iovem
924 3193 1140 3252 ponere
1179 3174 1444 3233 fulmina.

1862 2730 1908 2767 35
