2326 3488
267 198 335 249 28
759 192 1084 248 HORATII
1134 191 1558 247 OARMINUM

267 316 572 393 postmodo
611 321 674 373 te
713 316 872 373 natis
911 314 1182 373 fraudem
1221 315 1628 373 committere‘l
1705 313 1829 372 fors
1867 320 1930 425 et
2037 323 2046 331 '

427 411 628 469 debita
667 411 828 471 iura·
838 410 1110 486 vicesque
1149 410 1434 486 superbae

267 511 329 564 te
367 511 646 564 maneant
683 505 912 582 ipsum·
965 505 1235 582 precibus
1274 523 1395 563 non
1432 505 1668 581 linquar
1705 505 1929 578 inultis,
2045 524 2049 528 ·

426 607 603 678 teque
642 602 875 679 piacula
913 603 1080 661 nulla
1118 601 1430 661 resolvent.

269 715 624 773 quamquam
664 697 925 769 festinas,
967 716 1090 754 non
1127 704 1221 755 est
1259 717 1424 756 mora
1461 697 1637 774 longa
1645 716 1665 771 ;
1704 696 1905 755 licebit
1941 687 1945 690 Δ
2004 710 2054 766 33

428 792 645 851 iniecto
683 798 778 850 ter
816 792 1058 868 pulvere
1097 811 1315 850 curras.

846 928 1207 987 GARMEN
1235 924 1492 987 XXIX.

432 1041 569 1112 Ioci,
610 1040 802 1097 beatis
839 1059 999 1098 nunc
1035 1040 1310 1097 Arabum
1348 1040 1580 1098 invides

432 1136 602 1211 gaziS,
645 1141 707 1193 et
745 1154 938 1192 acrem
977 1135 1256 1192 militiam
1295 1154 1469 1210 paras

511 1250 635 1289 non
673 1236 814 1288 ante
853 1231 1103 1289 devictis
1144 1231 1403 1289 Sabaeae

591 1327 842 1402 regibus,
884 1327 1269 1403 horribilique
1310 1327 1490 1386 Medo

435 1423 622 1480 nectis
661 1425 939 1482 catenas‘l
1022 1442 1173 1499 quae
1212 1423 1326 1481 tibi
1364 1423 1664 1499 virginum
2038 1454 2063 1493 5

437 1537 649 1592 sponso
688 1524 895 1575 necato
934 1518 1186 1575 barbara
1225 1519 1479 1577 serviet'l

516 1631 665 1688 puer
703 1612 836 1688 quis
875 1631 951 1669 ex
989 1612 1127 1669 aula
1167 1612 1393 1687 capillis
1467 1598 1470 1603 ⁴

596 1707 674 1766 ad
714 1708 993 1785 cyathum
1033 1714 1334 1768 statuetur
1372 1709 1582 1783 unctiS,
1665 1773 1668 1774 ⁷

441 1805 648 1862 doctus
687 1805 934 1880 sagittas
972 1805 1215 1863 tendere
1256 1806 1481 1864 Sericas

441 1919 581 1957 arcu
622 1904 907 1976 paterno?
984 1902 1117 1977 quis
1155 1909 1331 1977 neget
1370 1903 1571 1961 arduis
2018 1938 2070 1965 ,ο
2181 1913 2189 1918 “
2305 1879 2306 1950 ζ

395 1998 405 2008 '
522 2016 740 2075 pronos
779 1998 965 2055 relabi
1005 2018 1173 2073 posse
1213 1999 1372 2057 rivos

601 2096 904 2154 montibus
943 2102 1004 2153 et
1044 2097 1302 2154 Tiberim
1342 2099 1577 2169 reverti,

446 2209 579 2247 cum
618 2197 688 2248 tu
728 2198 1021 2265 coemptos
1059 2191 1322 2268 undique
1360 2193 1577 2251 nobilis

445 2287 626 2344 libros
666 2286 918 2343 Panaeti
959 2286 1315 2345 Socraticam
1357 2294 1419 2346 et
1458 2289 1696 2347 domum

527 2387 757 2439 mutare
796 2383 991 2441 loricis
1030 2384 1294 2455 Hiberis,
2025 2416 2072 2453 ις

604 2479 905 2555 pollicitus
942 2479 1201 2550 meliora,
1244 2477 1478 2537 tendis‘l

877 2610 1238 2670 CARMEN
1279 2613 1492 2671 XXX.

453 2725 506 2781 O
547 2725 771 2796 Venus,
813 2725 1017 2799 regina
1057 2724 1234 2782 Cnidi
1274 2726 1597 2802 Paphique,

453 2837 660 2891 sperne
699 2819 972 2876 dilectam
1014 2819 1268 2895 Cypron,
1311 2827 1373 2877 et
1412 2821 1679 2878 vocantis

455 2914 630 2969 thure
669 2919 731 2970 te
769 2915 961 2972 multo
1001 2916 1288 2992 Glycerae
1328 2918 1597 2977 decoram

615 3007 874 3064 transfer
912 3010 977 3065 in
1015 3012 1237 3071 aedem.
