2326 3488
893 198 1222 256 HORATII
1271 199 1696 256 CARMINUM

722 318 838 401 heu
877 319 1055 378 nimis
1093 319 1268 395 longo
1307 320 1521 379 satiate
1559 320 1719 391 lude,

723 416 898 490 quem
937 414 1106 472 iuvat
1146 414 1365 473 elamor
1403 416 1716 492 galeaeque
1756 416 1928 488 leves,

723 528 855 567 acer
894 513 956 566 et
995 509 1196 567 Mauri
1234 512 1452 588 peditis
1491 518 1799 595 cruentum

959 609 1157 667 voltus
1196 611 1262 666 in
1300 610 1565 683 hostem3

723 705 848 762 sive
886 711 1119 764 mutata
1157 686 1433 764 iuvenem
1470 707 1661 782 figura

723 802 845 859 ales
883 801 950 859 in
989 802 1165 859 terris
1204 802 1459 860 imitaris
1497 802 1688 860 almae

722 897 880 956 filius
920 898 1137 973 Maiae,
1181 899 1415 974 patiens
1454 899 1652 979 voeqri

962 994 1230 1052 Caesaris
1270 994 1468 1052 ultor:

722 1108 886 1147 serus
923 1089 990 1147 in
1029 1090 1256 1147 caelum
1295 1090 1498 1148 redeas
1538 1090 1757 1166 diuque

723 1186 915 1243 laetus
953 1186 1193 1244 intersis
1233 1186 1451 1262 populo
1493 1185 1745 1258 Quirini,

722 1298 873 1339 neve
909 1286 973 1338 te
1011 1281 1231 1338 nostris
1271 1279 1436 1338 vitiis
1474 1280 1744 1355 iniquum

965 1395 1123 1434 oclor
1161 1396 1310 1434 aura

722 1471 934 1544 tollat3
973 1471 1071 1529 hic
1108 1492 1352 1547 magnos
1390 1472 1588 1547 potius
1626 1471 1973 1546 triumphose,

722 1565 820 1622 hio
857 1585 1017 1623 ames
1057 1567 1174 1624 dici
1212 1573 1382 1642 pater
1420 1572 1599 1640 atque
1637 1565 1923 1640 princeps,
1997 1560 2004 1565 ’

723 1680 842 1719 neu
881 1662 1040 1719 sinas
1079 1661 1289 1719 Medos
1332 1661 1597 1735 equitare
1636 1659 1876 1733 inultOS,

967 1762 1029 1814 te
1069 1757 1232 1829 duee,
1278 1756 1508 1815 Caesar.

1036 2000 1400 2060 GARMEN
1442 2000 1564 2060 ΠΙ.

803 2166 901 2224 sic'
938 2171 1001 2223 te
1041 2165 1182 2223 diva
1219 2171 1429 2240 potens
1471 2165 1668 2240 Cypri,

646 2265 729 2323 sic
767 2264 981 2320 fratres
1021 2262 1307 2336 Helenae,
1349 2261 1546 2319 lucida
1583 2260 1791 2332 sidera,

803 2364 1234 2434 ventorumque
1273 2362 1439 2432 regat
1478 2361 1649 2432 pater

645 2452 942 2512 obstrictis
979 2452 1114 2510 aliis
1151 2458 1386 2528 praeter
1426 2452 1669 2526 Iapyga,

804 2549 989 2620 navi&
1034 2567 1185 2623 quae
1223 2547 1337 2605 tibi
1375 2546 1663 2605 creditum

647 2646 822 2703 debes
861 2644 1201 2718 Virgilium,
1243 2644 1460 2700 finibus
1499 2643 1723 2700 Atticis

806 2740 1018 2799 reddas
1056 2740 1426 2811 ineolumem,
1470 2757 1690 2815 precor,

647 2842 709 2892 et
747 2853 942 2892 serves
980 2833 1212 2891 animae
1251 2832 1562 2891 dimidium
1601 2849 1779 2889 meae.

802 2929 893 2985 illi
932 2928 1112 2986 robur
1150 2933 1213 2985 et
1250 2946 1349 2985 aes
1386 2927 1608 3003 triplex

646 3023 798 3082 cirea
836 3028 1041 3101 pectus
1080 3028 1223 3096 erat,
1267 3024 1370 3099 qui
1409 3022 1678 3099 fragilem
1717 3022 1872 3078 truci
