<?xml version="1.0" encoding="UTF-8"?>
<!DOCTYPE html PUBLIC "-//W3C//DTD XHTML 1.0 Transitional//EN"
    "http://www.w3.org/TR/xhtml1/DTD/xhtml1-transitional.dtd">
<html xmlns="http://www.w3.org/1999/xhtml" xml:lang="en" lang="en">
 <head>
  <title>
</title>
<meta http-equiv="Content-Type" content="text/html;charset=utf-8" />
  <meta name='ocr-system' content='tesseract 3.04.00' />
  <meta name='ocr-capabilities' content='ocr_page ocr_carea ocr_par ocr_line ocrx_word'/>
</head>
<body>
  <div class='ocr_page' id='page_1' title='image "./qhoratiiflaccic01pagegoog/qhoratiiflaccic01pagegoog_0041.png"; bbox 0 0 2326 3488; ppageno 0'>
   <div class='ocr_carea' id='block_1_1' title="bbox 16 2211 30 2242">
    <p class='ocr_par' dir='ltr' id='par_1_1' title="bbox 16 2211 30 2242">
     <span class='ocr_line' id='line_1_1' title="bbox 16 2211 30 2242; textangle 90"><span class='ocrx_word' id='word_1_1' title='bbox 16 2211 30 2242; x_wconf 58' lang='lat' dir='ltr'>*F</span> 
     </span>
    </p>
   </div>
   <div class='ocr_carea' id='block_1_2' title="bbox 803 225 1568 281">
    <p class='ocr_par' dir='ltr' id='par_1_2' title="bbox 803 225 1568 281">
     <span class='ocr_line' id='line_1_2' title="bbox 803 225 1568 281; baseline 0.004 -3"><span class='ocrx_word' id='word_1_2' title='bbox 803 225 943 281; x_wconf 90' lang='lat' dir='ltr'><strong>LIB.</strong></span> <span class='ocrx_word' id='word_1_3' title='bbox 995 225 1038 279; x_wconf 93' lang='grc' dir='ltr'>Ι.</span> <span class='ocrx_word' id='word_1_4' title='bbox 1089 226 1254 281; x_wconf 77' lang='lat' dir='ltr'>CAR.</span> <span class='ocrx_word' id='word_1_5' title='bbox 1304 227 1568 281; x_wconf 88' lang='lat' dir='ltr'>XXXIV.</span> 
     </span>
    </p>
   </div>
   <div class='ocr_carea' id='block_1_3' title="bbox 461 342 1715 689">
    <p class='ocr_par' dir='ltr' id='par_1_3' title="bbox 461 342 1658 419">
     <span class='ocr_line' id='line_1_3' title="bbox 461 342 1658 419; baseline 0.002 -20"><span class='ocrx_word' id='word_1_6' title='bbox 461 362 640 418; x_wconf 89' lang='lat' dir='ltr'>quam</span> <span class='ocrx_word' id='word_1_7' title='bbox 678 342 843 419; x_wconf 82' lang='lat' dir='ltr'><strong>turpi</strong></span> <span class='ocrx_word' id='word_1_8' title='bbox 881 342 1099 400; x_wconf 68' lang='lat' dir='ltr'>Pholoe</span> <span class='ocrx_word' id='word_1_9' title='bbox 1137 348 1337 418; x_wconf 87' lang='lat' dir='ltr'>peccet</span> <span class='ocrx_word' id='word_1_10' title='bbox 1375 343 1658 401; x_wconf 66' lang='lat' dir='ltr'>adultera</span> 
     </span>
    </p>

    <p class='ocr_par' dir='ltr' id='par_1_4' title="bbox 462 438 1715 515">
     <span class='ocr_line' id='line_1_4' title="bbox 462 438 1715 515; baseline 0.002 -20"><span class='ocrx_word' id='word_1_11' title='bbox 462 438 547 495; x_wconf 88' lang='lat' dir='ltr'>sic</span> <span class='ocrx_word' id='word_1_12' title='bbox 582 438 778 495; x_wconf 85' lang='lat' dir='ltr'>visum</span> <span class='ocrx_word' id='word_1_13' title='bbox 816 438 1056 510; x_wconf 89' lang='lat' dir='ltr'>Veneri,</span> <span class='ocrx_word' id='word_1_14' title='bbox 1099 440 1197 496; x_wconf 86' lang='lat' dir='ltr'>cui</span> <span class='ocrx_word' id='word_1_15' title='bbox 1234 439 1426 514; x_wconf 82' lang='lat' dir='ltr'>placet</span> <span class='ocrx_word' id='word_1_16' title='bbox 1463 440 1715 515; x_wconf 87' lang='lat' dir='ltr'>impares</span> 
     </span>
    </p>

    <p class='ocr_par' dir='ltr' id='par_1_5' title="bbox 465 531 1712 689">
     <span class='ocr_line' id='line_1_5' title="bbox 465 531 1712 609; baseline 0.003 -21"><span class='ocrx_word' id='word_1_17' title='bbox 465 531 685 589; x_wconf 78' lang='lat' dir='ltr'>formas</span> <span class='ocrx_word' id='word_1_18' title='bbox 723 537 902 607; x_wconf 85' lang='lat' dir='ltr'>atque</span> <span class='ocrx_word' id='word_1_19' title='bbox 937 533 1169 590; x_wconf 90' lang='lat' dir='ltr'>animos</span> <span class='ocrx_word' id='word_1_20' title='bbox 1208 534 1318 590; x_wconf 89' lang='lat' dir='ltr'>sub</span> <span class='ocrx_word' id='word_1_21' title='bbox 1357 534 1496 609; x_wconf 85' lang='lat' dir='ltr'>iuga</span> <span class='ocrx_word' id='word_1_22' title='bbox 1533 543 1712 592; x_wconf 74' lang='lat' dir='ltr'>aenea</span> 
     </span>
     <span class='ocr_line' id='line_1_6' title="bbox 621 629 1424 689; baseline 0.004 -4"><span class='ocrx_word' id='word_1_23' title='bbox 621 646 796 686; x_wconf 82' lang='lat' dir='ltr'>saevo</span> <span class='ocrx_word' id='word_1_24' title='bbox 834 629 1072 686; x_wconf 85' lang='lat' dir='ltr'>mittere</span> <span class='ocrx_word' id='word_1_25' title='bbox 1111 648 1246 686; x_wconf 89' lang='lat' dir='ltr'>cum</span> <span class='ocrx_word' id='word_1_26' title='bbox 1284 629 1424 689; x_wconf 80' lang='lat' dir='ltr'>ioco.</span> 
     </span>
    </p>
   </div>
   <div class='ocr_carea' id='block_1_4' title="bbox 414 736 1753 909">
    <p class='ocr_par' dir='ltr' id='par_1_6' title="bbox 414 736 1753 909">
     <span class='ocr_line' id='line_1_7' title="bbox 414 736 1753 822; baseline 0.001 -28"><span class='ocrx_word' id='word_1_27' title='bbox 414 814 423 822; x_wconf 28' lang='lat'>²</span> <span class='ocrx_word' id='word_1_28' title='bbox 464 736 657 812; x_wconf 81' lang='lat' dir='ltr'>ipsum</span> <span class='ocrx_word' id='word_1_29' title='bbox 696 756 806 810; x_wconf 89' lang='lat' dir='ltr'>me,</span> <span class='ocrx_word' id='word_1_30' title='bbox 848 737 1055 796; x_wconf 91' lang='lat' dir='ltr'>melior</span> <span class='ocrx_word' id='word_1_31' title='bbox 1090 754 1226 796; x_wconf 79' lang='lat' dir='ltr'>cuin</span> <span class='ocrx_word' id='word_1_32' title='bbox 1264 743 1491 814; x_wconf 90' lang='lat' dir='ltr'>peteret</span> <span class='ocrx_word' id='word_1_33' title='bbox 1530 739 1753 808; x_wconf 64' lang='lat' dir='ltr'>Venus»,</span> 
     </span>
     <span class='ocr_line' id='line_1_8' title="bbox 463 831 1549 909; baseline 0.003 -21"><span class='ocrx_word' id='word_1_34' title='bbox 463 837 634 906; x_wconf 85' lang='lat' dir='ltr'>grata</span> <span class='ocrx_word' id='word_1_35' title='bbox 673 831 932 889; x_wconf 84' lang='lat' dir='ltr'>detinuit</span> <span class='ocrx_word' id='word_1_36' title='bbox 970 834 1247 908; x_wconf 80' lang='lat' dir='ltr'>compede</span> <span class='ocrx_word' id='word_1_37' title='bbox 1287 833 1549 909; x_wconf 77' lang='lat' dir='ltr'>Myrtale</span> 
     </span>
    </p>
   </div>
   <div class='ocr_carea' id='block_1_5' title="bbox 464 918 1502 1081">
    <p class='ocr_par' dir='ltr' id='par_1_7' title="bbox 464 918 1502 1081">
     <span class='ocr_line' id='line_1_9' title="bbox 464 918 1502 997; baseline 0.005 -16"><span class='ocrx_word' id='word_1_38' title='bbox 464 925 758 997; x_wconf 85' lang='lat' dir='ltr'>libertina,</span> <span class='ocrx_word' id='word_1_39' title='bbox 800 926 969 985; x_wconf 89' lang='lat' dir='ltr'>fretis</span> <span class='ocrx_word' id='word_1_40' title='bbox 1005 928 1195 985; x_wconf 88' lang='lat' dir='ltr'>acrior</span> <span class='ocrx_word' id='word_1_41' title='bbox 1235 918 1502 986; x_wconf 80' lang='lat' dir='ltr'>Hadriae</span> 
     </span>
     <span class='ocr_line' id='line_1_10' title="bbox 623 1021 1463 1081; baseline 0.002 -3"><span class='ocrx_word' id='word_1_42' title='bbox 623 1021 926 1079; x_wconf 76' lang='lat' dir='ltr'>curvantis</span> <span class='ocrx_word' id='word_1_43' title='bbox 966 1022 1247 1081; x_wconf 79' lang='lat' dir='ltr'>Calabros</span> <span class='ocrx_word' id='word_1_44' title='bbox 1286 1023 1463 1080; x_wconf 73' lang='lat' dir='ltr'>sinus</span> 
     </span>
    </p>
   </div>
   <div class='ocr_carea' id='block_1_6' title="bbox 845 1366 1666 1437">
    <p class='ocr_par' dir='ltr' id='par_1_8' title="bbox 845 1366 1666 1437">
     <span class='ocr_line' id='line_1_11' title="bbox 845 1366 1666 1437; baseline 0.007 -6"><span class='ocrx_word' id='word_1_45' title='bbox 845 1373 1202 1431; x_wconf 76' lang='lat' dir='ltr'><strong>CARMEN</strong></span> <span class='ocrx_word' id='word_1_46' title='bbox 1245 1374 1553 1434; x_wconf 82' lang='lat' dir='ltr'>XXXIV.</span> <span class='ocrx_word' id='word_1_47' title='bbox 1639 1366 1666 1437; x_wconf 78' lang='grc'>’.</span> 
     </span>
    </p>
   </div>
   <div class='ocr_carea' id='block_1_7' title="bbox 469 1533 1696 1906">
    <p class='ocr_par' dir='ltr' id='par_1_9' title="bbox 469 1533 1696 1906">
     <span class='ocr_line' id='line_1_12' title="bbox 470 1533 1696 1611; baseline 0.001 -19"><span class='ocrx_word' id='word_1_48' title='bbox 470 1533 691 1592; x_wconf 82' lang='lat' dir='ltr'>Parcus</span> <span class='ocrx_word' id='word_1_49' title='bbox 730 1534 971 1591; x_wconf 90' lang='lat' dir='ltr'>deorum</span> <span class='ocrx_word' id='word_1_50' title='bbox 1011 1535 1201 1592; x_wconf 91' lang='lat' dir='ltr'>cultor</span> <span class='ocrx_word' id='word_1_51' title='bbox 1240 1540 1302 1591; x_wconf 90' lang='lat' dir='ltr'>et</span> <span class='ocrx_word' id='word_1_52' title='bbox 1341 1534 1696 1611; x_wconf 77' lang='lat' dir='ltr'>infrequens,</span> 
     </span>
     <span class='ocr_line' id='line_1_13' title="bbox 469 1629 1361 1706; baseline 0.002 -19"><span class='ocrx_word' id='word_1_53' title='bbox 469 1629 818 1687; x_wconf 89' lang='lat' dir='ltr'>insanientis</span> <span class='ocrx_word' id='word_1_54' title='bbox 856 1629 999 1687; x_wconf 86' lang='lat' dir='ltr'>dum</span> <span class='ocrx_word' id='word_1_55' title='bbox 1038 1631 1361 1706; x_wconf 68' lang='lat' dir='ltr'>sapientiae</span> 
     </span>
     <span class='ocr_line' id='line_1_14' title="bbox 549 1724 1595 1799; baseline 0 -15"><span class='ocrx_word' id='word_1_56' title='bbox 549 1724 850 1784; x_wconf 90' lang='lat' dir='ltr'>consultus</span> <span class='ocrx_word' id='word_1_57' title='bbox 889 1746 1035 1799; x_wconf 90' lang='lat' dir='ltr'>erro,</span> <span class='ocrx_word' id='word_1_58' title='bbox 1076 1744 1236 1784; x_wconf 89' lang='lat' dir='ltr'>nunc</span> <span class='ocrx_word' id='word_1_59' title='bbox 1274 1732 1595 1784; x_wconf 70' lang='lat' dir='ltr'>retrorsum</span> 
     </span>
     <span class='ocr_line' id='line_1_15' title="bbox 628 1803 1652 1906; baseline 0.002 -29"><span class='ocrx_word' id='word_1_60' title='bbox 628 1820 762 1878; x_wconf 87' lang='lat' dir='ltr'>vela</span> <span class='ocrx_word' id='word_1_61' title='bbox 800 1821 1412 1906; x_wconf 46' lang='lat' dir='ltr'>&amp;Qamuggtemre</span> <span class='ocrx_word' id='word_1_62' title='bbox 1450 1803 1652 1892; x_wconf 65' lang='lat' dir='ltr'>cursiss</span> 
     </span>
    </p>
   </div>
   <div class='ocr_carea' id='block_1_8' title="bbox 471 1914 1708 2701">
    <p class='ocr_par' dir='ltr' id='par_1_10' title="bbox 471 1914 1694 2701">
     <span class='ocr_line' id='line_1_16' title="bbox 473 1914 1607 2007; baseline 0 -17"><span class='ocrx_word' id='word_1_63' title='bbox 473 1950 644 2007; x_wconf 89' lang='lat' dir='ltr'>cogor</span> <span class='ocrx_word' id='word_1_64' title='bbox 682 1932 941 1990; x_wconf 85' lang='lat' dir='ltr'>relictos:</span> <span class='ocrx_word' id='word_1_65' title='bbox 996 1951 1251 2006; x_wconf 88' lang='lat' dir='ltr'>namque</span> <span class='ocrx_word' id='word_1_66' title='bbox 1291 1914 1607 2007; x_wconf 82' lang='lat' dir='ltr'>Diespiter,</span> 
     </span>
     <span class='ocr_line' id='line_1_17' title="bbox 472 2026 1423 2103; baseline 0 -19"><span class='ocrx_word' id='word_1_67' title='bbox 472 2028 597 2103; x_wconf 85' lang='lat' dir='ltr'>igni</span> <span class='ocrx_word' id='word_1_68' title='bbox 635 2046 869 2085; x_wconf 88' lang='lat' dir='ltr'>corusco</span> <span class='ocrx_word' id='word_1_69' title='bbox 909 2027 1113 2084; x_wconf 92' lang='lat' dir='ltr'>nubila</span> <span class='ocrx_word' id='word_1_70' title='bbox 1152 2026 1423 2084; x_wconf 86' lang='lat' dir='ltr'>dividens</span> 
     </span>
     <span class='ocr_line' id='line_1_18' title="bbox 550 2097 1620 2199; baseline 0 -19"><span class='ocrx_word' id='word_1_71' title='bbox 550 2106 907 2198; x_wconf 89' lang='lat' dir='ltr'>plerumque,</span> <span class='ocrx_word' id='word_1_72' title='bbox 949 2142 1054 2199; x_wconf 88' lang='lat' dir='ltr'>per</span> <span class='ocrx_word' id='word_1_73' title='bbox 1091 2141 1306 2199; x_wconf 89' lang='lat' dir='ltr'>purum</span> <span class='ocrx_word' id='word_1_74' title='bbox 1345 2097 1620 2180; x_wconf 85' lang='lat' dir='ltr'>tonantes</span> 
     </span>
     <span class='ocr_line' id='line_1_19' title="bbox 631 2220 1708 2295; baseline 0.001 -19"><span class='ocrx_word' id='word_1_75' title='bbox 631 2220 753 2295; x_wconf 86' lang='lat' dir='ltr'>egit</span> <span class='ocrx_word' id='word_1_76' title='bbox 792 2239 971 2295; x_wconf 89' lang='lat' dir='ltr'>equos</span> <span class='ocrx_word' id='word_1_77' title='bbox 1008 2220 1419 2294; x_wconf 86' lang='lat' dir='ltr'>volucremque</span> <span class='ocrx_word' id='word_1_78' title='bbox 1458 2239 1708 2291; x_wconf 89' lang='lat' dir='ltr'>currum,</span> 
     </span>
     <span class='ocr_line' id='line_1_20' title="bbox 473 2303 1611 2404; baseline 0 -18"><span class='ocrx_word' id='word_1_79' title='bbox 473 2349 588 2404; x_wconf 91' lang='lat' dir='ltr'>quo</span> <span class='ocrx_word' id='word_1_80' title='bbox 626 2330 805 2387; x_wconf 88' lang='lat' dir='ltr'>bruta</span> <span class='ocrx_word' id='word_1_81' title='bbox 844 2329 1021 2387; x_wconf 91' lang='lat' dir='ltr'>tellus</span> <span class='ocrx_word' id='word_1_82' title='bbox 1061 2334 1122 2387; x_wconf 89' lang='lat' dir='ltr'>et</span> <span class='ocrx_word' id='word_1_83' title='bbox 1160 2303 1312 2403; x_wconf 51' lang='lat' dir='ltr'>vaga</span> <span class='ocrx_word' id='word_1_84' title='bbox 1351 2329 1611 2400; x_wconf 88' lang='lat' dir='ltr'>flumina,</span> 
     </span>
     <span class='ocr_line' id='line_1_21' title="bbox 471 2423 1694 2500; baseline -0.001 -18"><span class='ocrx_word' id='word_1_85' title='bbox 471 2444 589 2500; x_wconf 92' lang='lat' dir='ltr'>quo</span> <span class='ocrx_word' id='word_1_86' title='bbox 629 2425 782 2500; x_wconf 82' lang='lat' dir='ltr'>Styx</span> <span class='ocrx_word' id='word_1_87' title='bbox 822 2431 882 2482; x_wconf 89' lang='lat' dir='ltr'>et</span> <span class='ocrx_word' id='word_1_88' title='bbox 919 2424 1100 2481; x_wconf 86' lang='lat' dir='ltr'>invisi</span> <span class='ocrx_word' id='word_1_89' title='bbox 1137 2424 1377 2482; x_wconf 87' lang='lat' dir='ltr'>horrida</span> <span class='ocrx_word' id='word_1_90' title='bbox 1416 2423 1664 2481; x_wconf 86' lang='lat' dir='ltr'>Taenari</span> <span class='ocrx_word' id='word_1_91' title='bbox 1680 2430 1694 2440; x_wconf 67' lang='lat'><strong>⁹</strong></span> 
     </span>
     <span class='ocr_line' id='line_1_22' title="bbox 551 2519 1366 2595; baseline -0.002 -17"><span class='ocrx_word' id='word_1_92' title='bbox 551 2521 716 2578; x_wconf 90' lang='lat' dir='ltr'>sedes</span> <span class='ocrx_word' id='word_1_93' title='bbox 752 2521 1191 2595; x_wconf 78' lang='lat' dir='ltr'>Atlanteusque</span> <span class='ocrx_word' id='word_1_94' title='bbox 1228 2519 1366 2577; x_wconf 88' lang='lat' dir='ltr'>finis</span> 
     </span>
     <span class='ocr_line' id='line_1_23' title="bbox 631 2614 1660 2701; baseline -0.001 -29"><span class='ocrx_word' id='word_1_95' title='bbox 631 2615 976 2701; x_wconf 72' lang='lat' dir='ltr'>concutitur.</span> <span class='ocrx_word' id='word_1_96' title='bbox 1059 2615 1221 2671; x_wconf 85' lang='lat' dir='ltr'>valet</span> <span class='ocrx_word' id='word_1_97' title='bbox 1259 2615 1380 2671; x_wconf 88' lang='lat' dir='ltr'>ima</span> <span class='ocrx_word' id='word_1_98' title='bbox 1418 2614 1660 2671; x_wconf 88' lang='lat' dir='ltr'>summis</span> 
     </span>
    </p>
   </div>
   <div class='ocr_carea' id='block_1_9' title="bbox 471 2726 1733 3088">
    <p class='ocr_par' dir='ltr' id='par_1_11' title="bbox 471 2726 1733 2920">
     <span class='ocr_line' id='line_1_24' title="bbox 471 2726 1625 2803; baseline -0.003 -18"><span class='ocrx_word' id='word_1_99' title='bbox 471 2734 703 2786; x_wconf 90' lang='lat' dir='ltr'>mutare</span> <span class='ocrx_word' id='word_1_100' title='bbox 741 2734 803 2786; x_wconf 86' lang='lat' dir='ltr'>et</span> <span class='ocrx_word' id='word_1_101' title='bbox 840 2728 1129 2803; x_wconf 87' lang='lat' dir='ltr'>insignem</span> <span class='ocrx_word' id='word_1_102' title='bbox 1168 2732 1460 2784; x_wconf 86' lang='lat' dir='ltr'>attenuat</span> <span class='ocrx_word' id='word_1_103' title='bbox 1481 2726 1625 2784; x_wconf 89' lang='lat' dir='ltr'>deus</span> 
     </span>
     <span class='ocr_line' id='line_1_25' title="bbox 473 2822 1733 2929; baseline -0.002 -49"><span class='ocrx_word' id='word_1_104' title='bbox 473 2824 717 2881; x_wconf 86' lang='lat' dir='ltr'>obscura</span> <span class='ocrx_word' id='word_1_105' title='bbox 756 2841 1053 2899; x_wconf 89' lang='lat' dir='ltr'>promens·</span> <span class='ocrx_word' id='word_1_106' title='bbox 1038 2822 1511 2929; x_wconf 53' lang='lat' dir='ltr'>’fQ-apioem</span> <span class='ocrx_word' id='word_1_107' title='bbox 1549 2840 1733 2897; x_wconf 85' lang='lat' dir='ltr'>rapax</span> 
     </span>
    </p>

    <p class='ocr_par' dir='ltr' id='par_1_12' title="bbox 555 2916 1624 2975">
     <span class='ocr_line' id='line_1_26' title="bbox 555 2916 1624 2975; baseline -0.002 0"><span class='ocrx_word' id='word_1_108' title='bbox 555 2917 822 2975; x_wconf 86' lang='lat' dir='ltr'>Fortuna</span> <span class='ocrx_word' id='word_1_109' title='bbox 860 2936 994 2975; x_wconf 83' lang='lat' dir='ltr'>eum</span> <span class='ocrx_word' id='word_1_110' title='bbox 1033 2916 1287 2975; x_wconf 87' lang='lat' dir='ltr'>stridore</span> <span class='ocrx_word' id='word_1_111' title='bbox 1324 2920 1498 2974; x_wconf 87' lang='lat' dir='ltr'>acuto</span> <span class='ocrx_word' id='word_1_112' title='bbox 1617 2935 1624 2945; x_wconf 93' lang='lat'>·</span> 
     </span>
    </p>

    <p class='ocr_par' dir='ltr' id='par_1_13' title="bbox 634 2995 1600 3088">
     <span class='ocr_line' id='line_1_27' title="bbox 634 2995 1600 3088; baseline -0.004 -18"><span class='ocrx_word' id='word_1_113' title='bbox 634 3013 890 3085; x_wconf 88' lang='lat' dir='ltr'>sustulit,</span> <span class='ocrx_word' id='word_1_114' title='bbox 934 2995 1030 3070; x_wconf 81' lang='lat' dir='ltr'>hic</span> <span class='ocrx_word' id='word_1_115' title='bbox 1069 3012 1331 3088; x_wconf 86' lang='lat' dir='ltr'>posuisse</span> <span class='ocrx_word' id='word_1_116' title='bbox 1370 3009 1600 3086; x_wconf 86' lang='lat' dir='ltr'>gaudet.</span> 
     </span>
    </p>
   </div>
   <div class='ocr_carea' id='block_1_10' title="bbox 1760 2687 1936 2812">
    <p class='ocr_par' dir='ltr' id='par_1_14' title="bbox 1760 2687 1936 2812">
     <span class='ocr_line' id='line_1_28' title="bbox 1760 2687 1936 2812; baseline 0 0"><span class='ocrx_word' id='word_1_117' title='bbox 1760 2687 1936 2812; x_wconf 47' lang='lat' dir='ltr'>aff*</span> 
     </span>
    </p>
   </div>
   <div class='ocr_carea' id='block_1_11' title="bbox 1896 2789 1992 2932">
    <p class='ocr_par' dir='ltr' id='par_1_15' title="bbox 1896 2789 1992 2932">
     <span class='ocr_line' id='line_1_29' title="bbox 1917 2789 1992 2864; baseline -0.027 -6"><span class='ocrx_word' id='word_1_118' title='bbox 1917 2789 1992 2864; x_wconf 51' lang='grc' dir='ltr'><strong>Μ</strong></span> 
     </span>
     <span class='ocr_line' id='line_1_30' title="bbox 1896 2861 1938 2932; baseline 0 0"><span class='ocrx_word' id='word_1_119' title='bbox 1896 2861 1938 2932; x_wconf 65' lang='lat' dir='ltr'>‘f</span> 
     </span>
    </p>
   </div>
   <div class='ocr_carea' id='block_1_12' title="bbox 2009 236 2074 284">
    <p class='ocr_par' dir='ltr' id='par_1_16' title="bbox 2009 236 2074 284">
     <span class='ocr_line' id='line_1_31' title="bbox 2009 236 2074 284; baseline 0 0"><span class='ocrx_word' id='word_1_120' title='bbox 2009 236 2074 284; x_wconf 85' lang='lat'>31</span> 
     </span>
    </p>
   </div>
   <div class='ocr_carea' id='block_1_13' title="bbox 1999 2665 2313 2842">
    <p class='ocr_par' dir='ltr' id='par_1_17' title="bbox 1999 2665 2313 2842">
     <span class='ocr_line' id='line_1_32' title="bbox 1999 2665 2313 2842; baseline -0.089 0"><span class='ocrx_word' id='word_1_121' title='bbox 1999 2665 2313 2842; x_wconf 21' lang='lat' dir='ltr'>&amp;wi-{CXC</span> 
     </span>
    </p>
   </div>
   <div class='ocr_carea' id='block_1_14' title="bbox 2046 2942 2091 2981">
    <p class='ocr_par' dir='ltr' id='par_1_18' title="bbox 2046 2942 2091 2981">
     <span class='ocr_line' id='line_1_33' title="bbox 2046 2942 2091 2981; baseline 0 0"><span class='ocrx_word' id='word_1_122' title='bbox 2046 2942 2091 2981; x_wconf 76' lang='lat'>¹³</span> 
     </span>
    </p>
   </div>
   <div class='ocr_carea' id='block_1_15' title="bbox 2093 3113 2136 3132">
    <p class='ocr_par' dir='ltr' id='par_1_19' title="bbox 2093 3113 2136 3132">
     <span class='ocr_line' id='line_1_34' title="bbox 2093 3113 2136 3132; baseline 0 0"><span class='ocrx_word' id='word_1_123' title='bbox 2093 3113 2136 3132; x_wconf 44' lang='grc' dir='ltr'>-.ἰ</span> 
     </span>
    </p>
   </div>
  </div>
 </body>
</html>
