2326 3488
361 241 430 292 10
859 233 1186 289 HORATII
1235 233 1656 289 CARMINUM

520 352 664 431 quid
703 354 868 428 latet,
912 360 985 412 ut
1024 354 1288 411 marinae

363 453 552 510 filium
592 452 800 510 dicunt
840 450 1108 509 Thetidis
1149 451 1261 508 sub
1300 449 1605 507 lacrimosa
1643 447 1852 505 Troiae

525 549 752 619 funera,
795 567 871 604 ne
911 547 1101 607 virilis
1213 576 1218 581 ·

365 645 559 702 cultus
597 643 664 701 in
702 644 936 701 caedem
977 648 1038 700 et
1078 642 1291 718 Lycias
1329 641 1655 717 proriperet
1693 642 1997 699 catervas?

1002 996 1361 1054 CARMEN
1400 995 1518 1053 IX.
1623 958 1658 1041 ’ἶ
1781 972 1808 1045 ἐ
1866 932 2110 1052 mim

610 1175 812 1248 Vides,
855 1179 927 1232 ut
963 1173 1088 1231 alta
1126 1179 1245 1231 stet
1283 1174 1421 1231 nive
1462 1171 1774 1230 candidum

612 1272 866 1345 Soracte,
909 1290 1016 1329 nec
1054 1271 1175 1327 iam
1215 1270 1547 1327 sustineant
1587 1288 1736 1327 onus

690 1367 873 1425 silvae
913 1367 1247 1425 laborantes
1285 1365 1537 1441 geluque

771 1461 1017 1518 flumina
1058 1460 1433 1518 constiterint
1472 1465 1662 1516 acuto,

614 1572 865 1630 dissolve
904 1571 1094 1647 frigus
1132 1572 1298 1646 ligna
1336 1589 1512 1646 super
1551 1570 1682 1628 foco
2147 1601 2170 1638 5

615 1667 774 1742 large
814 1685 1116 1742 reponenS,
1160 1675 1338 1742 atque
1378 1667 1689 1747 benignius

696 1763 968 1839 deprome
1008 1764 1384 1839 quadrimum
1426 1760 1659 1836 Sabina,

775 1880 810 1918 o
851 1860 1212 1932 Thaliarche,
1256 1879 1482 1917 merum
1523 1859 1700 1917 diota.

617 1973 893 2048 permitte
933 1972 1087 2032 divis
1127 1980 1336 2045 cetera,
1380 1972 1481 2048 qui
1523 1970 1697 2028 simul

619 2075 880 2125 stravere
920 2074 1130 2125 ventos
1171 2087 1422 2143 aequore
1463 2066 1695 2123 fervido
2125 2097 2173 2124 ιο

700 2164 1143 2240 deproeliantes,
1188 2184 1295 2220 nec
1335 2164 1592 2237 cupressi

779 2277 886 2316 nec
926 2265 1155 2316 veteres
1196 2260 1501 2334 agitantur
1542 2259 1688 2315 orni.

621 2368 765 2444 quid
804 2369 884 2425 sit
923 2369 1196 2426 futurum
1237 2389 1379 2443 craS‚
1424 2369 1563 2444 fuge
1605 2387 1883 2444 quaerere
1926 2376 2001 2440 et,

598 2455 797 2540 *ciuem
837 2465 983 2522 Fors
1024 2465 1255 2522 dierum
1296 2484 1527 2541 cunque
1567 2464 1750 2537 dabit,
1793 2464 1954 2520 lucro

701 2580 944 2636 appone,
987 2582 1093 2619 nec
1134 2561 1332 2620 dulces
1372 2580 1599 2618 amores
2129 2595 2172 2629 15

784 2675 992 2732 sperne
1031 2677 1180 2733 puer
1218 2677 1410 2733 neque
1449 2665 1520 2715 tu
1560 2658 1815 2730 choreas,

626 2770 809 2829 donec
850 2770 1070 2828 virenti
1110 2771 1358 2827 canities
1398 2772 1565 2828 abest

625 2887 869 2926 morosa.
952 2888 1110 2925 nunc
1151 2875 1214 2925 et
1253 2888 1491 2944 campus
1532 2875 1592 2927 et
1634 2888 1804 2927 areae

707 2964 981 3037 lenesque
1021 2966 1130 3022 sub
1172 2971 1402 3022 noctem
1443 2966 1669 3023 susurri
2226 2945 2228 3004 ⁴

785 3058 1107 3132 composita
1150 3066 1495 3134 repetantur
1531 3060 1693 3132 hora,
2225 3037 2226 3060 1

1013 3157 1050 3174 fl
