2326 3488
657 289 797 343 LIB.
848 288 893 342 Ι.
944 286 1107 342 CAR.
1157 287 1282 341 XX.
1332 286 1522 341 XXL
1899 288 1962 337 21

504 403 601 463 hic
638 407 844 463 vivum
883 406 1031 463 mihi
1072 406 1406 481 caespitem,
1450 406 1546 464 hic

346 502 644 573 verbenas,
688 503 873 578 pueri,
916 502 1120 577 ponite
1159 502 1455 578 thuraque

503 596 652 653 bimi
690 616 824 654 cum
863 602 1070 671 patera
1108 597 1295 654 meri:
1373 623 1386 635 ·
1925 623 1978 661 ις

346 698 604 751 mactata
641 694 842 752 veniet
880 694 1070 751 lenior
1109 693 1322 751 hostia.

803 900 1165 957 GARMEN
1205 901 1355 960 xx.
1392 853 1514 976 J
1569 871 1680 939 5⁶²
1707 812 1968 1017 {³13³ss

352 1041 494 1100 Vile
532 1043 765 1119 potabis
802 1043 1047 1102 modicis
1088 1043 1375 1102 Sabinum
1412 1114 1418 1120 .

352 1139 664 1211 cantharis,
708 1130 932 1197 Graeca
970 1139 1128 1217 quod
1168 1158 1274 1215 ego
1315 1140 1440 1216 ipse
1479 1144 1636 1197 testa
1769 1196 1784 1227 χ
1819 1192 1830 1213 ·„

355 1234 659 1291 condis-,um
692 1232 828 1304 1255:
871 1236 1046 1293 datus
1084 1237 1152 1293 in
1190 1218 1425 1295 theatro
1721 1233 1768 1277 x*
1800 1212 1870 1317 52

593 1348 726 1385 cum
764 1331 878 1386 tibi
916 1332 1177 1405 plausus,
1775 1324 1790 1342 ⁸

357 1442 490 1481 care
529 1423 842 1482 Maecenas
880 1445 1074 1502 eques,
1116 1433 1190 1484 ut
1228 1426 1466 1505 paterni
1957 1454 1985 1494 5

358 1521 619 1579 fluminis
658 1521 821 1597 ripae
861 1522 1038 1579 simul
1078 1528 1141 1579 et
1180 1522 1373 1580 iocosa

359 1619 629 1678 redderet
665 1618 872 1678 laudes
909 1619 1025 1676 tibi
1064 1619 1350 1677 Vaticani

595 1716 816 1774 montis
854 1716 1062 1792 imagO.

364 1809 695 1867 Caecubum
735 1816 797 1868 et
836 1810 998 1885 prelo
1039 1809 1325 1868 domitam
1366 1808 1585 1867 Caleno
1655 1809 1660 1814 ’

361 1911 431 1961 tu
468 1905 635 1962 bibes
672 1924 882 1962 uvam:
944 1925 1076 1962 mea
1113 1924 1223 1963 nec
1263 1904 1549 1963 Falernae

363 2004 697 2075 temperant
736 2000 888 2055 vites
928 2017 1118 2072 neque
1157 1998 1460 2055 Formiani

603 2090 811 2167 pocula
852 2091 1042 2149 colles.

410 2368 457 2412 s
806 2275 1167 2354 GARM'EN
1209 2248 1390 2355 'xxi

370 2440 626 2500 Dianam
666 2449 903 2500 tenerae
943 2443 1120 2502 dicite
1159 2444 1434 2519 virginee,

368 2539 686 2609 intonsum,
730 2539 915 2614 pueri,
958 2539 1135 2596 dicite
1178 2538 1502 2615 Cynthium

609 2635 1014 2710 Latonamque
1053 2652 1327 2710 supremo

692 2730 965 2787 dilectam
1006 2730 1246 2805 ponitus
1285 2725 1455 2787 Iovis

371 2843 478 2883 vos
515 2825 732 2881 laetam
771 2824 969 2881 fluviis
1008 2831 1070 2882 et
1108 2843 1414 2881 nemorum
1454 2840 1633 2893 coma,
1970 2852 1995 2892 5

374 2939 752 3024 quaecunque
791 2925 898 2977 aut
936 2918 1128 2994 gelido
1168 2918 1465 2994 prominet
1505 2917 1744 2995 Algido,

613 3016 798 3089 nigris
837 3019 943 3071 aut
984 3012 1341 3089 Erymanthi

695 3111 860 3170 silvis
899 3117 1005 3169 aut
1044 3110 1252 3168 viridis
1293 3108 1494 3185 Orag1,
