2326 3488
262 229 332 281 34

756 219 1081 276 HORATII
1131 218 1555 274 CARMINUM

419 364 536 404 neu
576 344 772 402 desint
811 344 1001 421 epulis
1038 362 1220 414 rosae,

497 454 616 493 neu
656 435 838 492 vivax
875 436 1094 512 apium,
1136 454 1255 493 neu
1292 435 1471 492 breve
1510 434 1715 494 lilium.

418 550 620 590 omnes
657 530 722 587 in
762 530 1044 591 Damalin
1082 535 1287 605 putres

499 627 796 702 deponent
835 627 1047 697 oeulos,
1090 645 1201 684 nec
1240 625 1509 683 Damalis
1546 644 1701 683 novo

419 721 733 780 divelletur
771 720 1041 778 adultero

498 818 733 875 lascivis
772 817 1003 876 hederis
1042 815 1421 876 ambitiosior.

776 1023 1134 1082 OARMEN
1180 1021 1526 1079 XXXVII.

416 1154 595 1212 Nunc
636 1158 726 1210 est
763 1150 1101 1220 bibendum,
1143 1167 1302 1205 nuno
1342 1146 1490 1224 pede
1533 1146 1719 1204 libero

417 1248 707 1326 pulsanda
744 1226 943 1318 tellfi‘s,
980 1264 1139 1303 nunc
1180 1244 1503 1302 Saliaribus

495 1363 705 1402 ornare
743 1342 1021 1419 pulvinar
1060 1340 1304 1399 deorum

572 1443 806 1510 tempus
845 1439 973 1492 erat
1012 1432 1277 1508 dapibuS,
1320 1449 1384 1488 so
1485 1450 1557 1489 es.

414 1547 662 1607 antehae
701 1530 867 1603 nefas
906 1543 1244 1620 depromere
1285 1542 1332 1600 C·
1433 1542 1615 1599 ubum

416 1643 578 1702 cenis
596 1616 812 1751 tavida,
857 1638 1017 1746 dum!
1040 1637 1335 1712 Capitolio

494 1756 698 1814 regma
737 1734 1038 1793 dementes
1076 1732 1281 1790 ruinas

574 1834 756 1892 funus
795 1837 856 1891 et
894 1830 1140 1907 imPerio
1180 1828 1428 1905 parabat

416 1945 816 2005 contaminato
856 1961 990 2001 eum
1029 1961 1204 2017 grege
1242 1939 1510 2017 turpium

414 2041 617 2099 morbo
657 2039 936 2109 virorum,
979 2037 1268 2113 quidlibet
1307 2036 1597 2111 impotens

495 2154 729 2212 sperare
767 2132 1123 2206 fortunaque
1163 2131 1324 2188 dulci

456 2216 461 2220 ⁴
573 2229 749 2287 ebria.
833 2226 935 2284 sed
973 2227 1193 2283 minuit
1232 2225 1491 2283 furorem

415 2337 519 2393 vix
558 2354 678 2392 una
718 2350 913 2408 sospes
951 2323 1123 2389 nai'vis
1162 2331 1240 2389 ab
1279 2331 1531 2406 ignibus,

415 2436 787 2505 mentemque
826 2427 1194 2504 lymphatam
1235 2425 1558 2485 Mareotico

493 2525 719 2599 redegit
758 2523 825 2580 in
864 2541 1034 2581 veros
1072 2523 1316 2580 timores

574 2622 803 2692 Caesar,
844 2621 920 2678 ab
959 2619 1142 2677 Italia
1181 2619 1480 2677 volantem

412 2732 589 2791 remis
627 2732 934 2807 adurgens,
977 2731 1256 2807 accipiter
1294 2731 1461 2788 velut

415 2825 621 2888 molles
659 2826 958 2884 columbas
997 2830 1105 2883 aut
1143 2825 1403 2901 leporem
1442 2824 1595 2883 citus

462 2926 740 2991 ,venator
776 2921 842 2976 in
882 2921 1101 2995 eampis
1138 2896 1357 2979 malis

574 3014 954 3088 Haemoniae,
997 3017 1165 3074 daret
1205 3024 1274 3074 ut
1314 2984 1533 3075 catenis
