<?xml version="1.0" encoding="UTF-8"?>
<!DOCTYPE html PUBLIC "-//W3C//DTD XHTML 1.0 Transitional//EN"
    "http://www.w3.org/TR/xhtml1/DTD/xhtml1-transitional.dtd">
<html xmlns="http://www.w3.org/1999/xhtml" xml:lang="en" lang="en">
 <head>
  <title>
</title>
<meta http-equiv="Content-Type" content="text/html;charset=utf-8" />
  <meta name='ocr-system' content='tesseract 3.04.00' />
  <meta name='ocr-capabilities' content='ocr_page ocr_carea ocr_par ocr_line ocrx_word'/>
</head>
<body>
  <div class='ocr_page' id='page_1' title='image "./qhoratiiflaccic01pagegoog/qhoratiiflaccic01pagegoog_0027.png"; bbox 0 0 2326 3488; ppageno 0'>
   <div class='ocr_carea' id='block_1_1' title="bbox 758 232 1417 289">
    <p class='ocr_par' dir='ltr' id='par_1_1' title="bbox 758 232 1417 289">
     <span class='ocr_line' id='line_1_1' title="bbox 758 232 1417 289; baseline 0 -2"><span class='ocrx_word' id='word_1_1' title='bbox 758 233 897 288; x_wconf 91' lang='lat' dir='ltr'><strong>LIB.</strong></span> <span class='ocrx_word' id='word_1_2' title='bbox 950 232 996 288; x_wconf 93' lang='grc' dir='ltr'><strong>Ι.</strong></span> <span class='ocrx_word' id='word_1_3' title='bbox 1047 232 1211 287; x_wconf 82' lang='grc' dir='ltr'><strong>ΟΑΒ.</strong></span> <span class='ocrx_word' id='word_1_4' title='bbox 1261 233 1417 289; x_wconf 91' lang='lat' dir='ltr'><strong>XVI.</strong></span> 
     </span>
    </p>
   </div>
   <div class='ocr_carea' id='block_1_2' title="bbox 361 354 1591 700">
    <p class='ocr_par' dir='ltr' id='par_1_2' title="bbox 362 354 1369 427">
     <span class='ocr_line' id='line_1_2' title="bbox 362 354 1369 427; baseline 0 -14"><span class='ocrx_word' id='word_1_5' title='bbox 362 374 484 413; x_wconf 88' lang='lat' dir='ltr'><strong>non</strong></span> <span class='ocrx_word' id='word_1_6' title='bbox 523 354 893 427; x_wconf 65' lang='lat' dir='ltr'><strong>Laertiaden,</strong></span> <span class='ocrx_word' id='word_1_7' title='bbox 937 355 1190 413; x_wconf 74' lang='lat' dir='ltr'><strong>exitium</strong></span> <span class='ocrx_word' id='word_1_8' title='bbox 1228 362 1369 413; x_wconf 74' lang='lat' dir='ltr'><strong>tuae</strong></span> 
     </span>
    </p>

    <p class='ocr_par' dir='ltr' id='par_1_3' title="bbox 361 446 1591 528">
     <span class='ocr_line' id='line_1_3' title="bbox 361 446 1591 528; baseline 0.002 -21"><span class='ocrx_word' id='word_1_9' title='bbox 361 451 540 525; x_wconf 78' lang='lat' dir='ltr'><strong>genti,</strong></span> <span class='ocrx_word' id='word_1_10' title='bbox 581 469 703 508; x_wconf 89' lang='lat' dir='ltr'><strong>non</strong></span> <span class='ocrx_word' id='word_1_11' title='bbox 740 449 980 526; x_wconf 86' lang='lat' dir='ltr'><strong>Pylium</strong></span> <span class='ocrx_word' id='word_1_12' title='bbox 1020 451 1279 509; x_wconf 69' lang='lat' dir='ltr'><strong>Nestora</strong></span> <span class='ocrx_word' id='word_1_13' title='bbox 1317 446 1591 528; x_wconf 61' lang='lat' dir='ltr'><strong>respicis?</strong></span> 
     </span>
    </p>

    <p class='ocr_par' dir='ltr' id='par_1_4' title="bbox 363 546 1423 700">
     <span class='ocr_line' id='line_1_4' title="bbox 363 546 1396 624; baseline -0.001 -18"><span class='ocrx_word' id='word_1_14' title='bbox 363 548 577 624; x_wconf 77' lang='lat' dir='ltr'><strong>urgent</strong></span> <span class='ocrx_word' id='word_1_15' title='bbox 614 546 900 624; x_wconf 80' lang='lat' dir='ltr'><strong>impavidi</strong></span> <span class='ocrx_word' id='word_1_16' title='bbox 937 553 999 605; x_wconf 72' lang='lat' dir='ltr'><strong>te</strong></span> <span class='ocrx_word' id='word_1_17' title='bbox 1040 547 1396 605; x_wconf 79' lang='lat' dir='ltr'><strong>Salaminius</strong></span> 
     </span>
     <span class='ocr_line' id='line_1_5' title="bbox 523 642 1423 700; baseline 0.001 -1"><span class='ocrx_word' id='word_1_18' title='bbox 523 642 742 700; x_wconf 77' lang='lat' dir='ltr'><strong>Teucer</strong></span> <span class='ocrx_word' id='word_1_19' title='bbox 780 648 843 700; x_wconf 75' lang='lat' dir='ltr'><strong>et</strong></span> <span class='ocrx_word' id='word_1_20' title='bbox 881 642 1197 700; x_wconf 74' lang='lat' dir='ltr'><strong>Sthenelus</strong></span> <span class='ocrx_word' id='word_1_21' title='bbox 1235 642 1423 700; x_wconf 78' lang='lat' dir='ltr'><strong>sciens</strong></span> 
     </span>
    </p>
   </div>
   <div class='ocr_carea' id='block_1_3' title="bbox 365 752 1697 831">
    <p class='ocr_par' dir='ltr' id='par_1_5' title="bbox 365 752 1697 831">
     <span class='ocr_line' id='line_1_6' title="bbox 365 752 1697 831; baseline 0.002 -21"><span class='ocrx_word' id='word_1_22' title='bbox 365 771 612 830; x_wconf 84' lang='lat' dir='ltr'><strong>pugnae,</strong></span> <span class='ocrx_word' id='word_1_23' title='bbox 655 755 780 812; x_wconf 86' lang='lat' dir='ltr'><strong>sive</strong></span> <span class='ocrx_word' id='word_1_24' title='bbox 819 773 969 831; x_wconf 89' lang='lat' dir='ltr'><strong>opus</strong></span> <span class='ocrx_word' id='word_1_25' title='bbox 1007 760 1098 812; x_wconf 69' lang='lat' dir='ltr'><strong>est</strong></span> <span class='ocrx_word' id='word_1_26' title='bbox 1136 752 1477 831; x_wconf 73' lang='lat' dir='ltr'><strong>imperitare</strong></span> <span class='ocrx_word' id='word_1_27' title='bbox 1516 756 1697 830; x_wconf 83' lang='lat' dir='ltr'><strong>equis,</strong></span> 
     </span>
    </p>
   </div>
   <div class='ocr_carea' id='block_1_4' title="bbox 365 851 1594 1121">
    <p class='ocr_par' dir='ltr' id='par_1_6' title="bbox 365 851 1594 1121">
     <span class='ocr_line' id='line_1_7' title="bbox 366 851 1593 929; baseline 0.002 -21"><span class='ocrx_word' id='word_1_28' title='bbox 366 870 488 909; x_wconf 88' lang='lat' dir='ltr'><strong>non</strong></span> <span class='ocrx_word' id='word_1_29' title='bbox 525 851 730 927; x_wconf 85' lang='lat' dir='ltr'><strong>auriga</strong></span> <span class='ocrx_word' id='word_1_30' title='bbox 768 852 960 927; x_wconf 72' lang='lat' dir='ltr'><strong>piger,</strong></span> <span class='ocrx_word' id='word_1_31' title='bbox 1012 852 1324 911; x_wconf 81' lang='lat' dir='ltr'>Merionen</span> <span class='ocrx_word' id='word_1_32' title='bbox 1362 871 1593 929; x_wconf 92' lang='lat' dir='ltr'><strong>quoque</strong></span> 
     </span>
     <span class='ocr_line' id='line_1_8' title="bbox 365 941 1594 1024; baseline 0.001 -19"><span class='ocrx_word' id='word_1_33' title='bbox 365 966 582 1006; x_wconf 74' lang='lat' dir='ltr'><strong>nosces.</strong></span> <span class='ocrx_word' id='word_1_34' title='bbox 665 966 793 1006; x_wconf 82' lang='lat' dir='ltr'><strong>ecoe</strong></span> <span class='ocrx_word' id='word_1_35' title='bbox 833 948 985 1005; x_wconf 72' lang='lat' dir='ltr'><strong>furit</strong></span> <span class='ocrx_word' id='word_1_36' title='bbox 1023 953 1084 1005; x_wconf 75' lang='lat' dir='ltr'><strong>te</strong></span> <span class='ocrx_word' id='word_1_37' title='bbox 1124 948 1380 1024; x_wconf 83' lang='lat' dir='ltr'><strong>reperire</strong></span> <span class='ocrx_word' id='word_1_38' title='bbox 1419 941 1594 1007; x_wconf 74' lang='lat' dir='ltr'><strong>atrox</strong></span> 
     </span>
     <span class='ocr_line' id='line_1_9' title="bbox 526 1043 1251 1121; baseline 0.003 -20"><span class='ocrx_word' id='word_1_39' title='bbox 526 1043 781 1120; x_wconf 77' lang='lat' dir='ltr'><strong>Tydides</strong></span> <span class='ocrx_word' id='word_1_40' title='bbox 820 1044 1027 1103; x_wconf 84' lang='lat' dir='ltr'><strong>melior</strong></span> <span class='ocrx_word' id='word_1_41' title='bbox 1065 1050 1251 1121; x_wconf 71' lang='lat' dir='ltr'><strong>patre,</strong></span> 
     </span>
    </p>
   </div>
   <div class='ocr_carea' id='block_1_5' title="bbox 368 1154 1596 1229">
    <p class='ocr_par' dir='ltr' id='par_1_7' title="bbox 368 1154 1596 1229">
     <span class='ocr_line' id='line_1_10' title="bbox 368 1154 1596 1229; baseline 0.002 -18"><span class='ocrx_word' id='word_1_42' title='bbox 368 1171 543 1229; x_wconf 91' lang='lat' dir='ltr'><strong>quem</strong></span> <span class='ocrx_word' id='word_1_43' title='bbox 582 1159 668 1226; x_wconf 76' lang='lat' dir='ltr'><strong>tu,</strong></span> <span class='ocrx_word' id='word_1_44' title='bbox 711 1172 917 1211; x_wconf 80' lang='lat' dir='ltr'><strong>cervus</strong></span> <span class='ocrx_word' id='word_1_45' title='bbox 956 1154 1051 1211; x_wconf 76' lang='lat' dir='ltr'><strong>uti</strong></span> <span class='ocrx_word' id='word_1_46' title='bbox 1088 1154 1264 1212; x_wconf 85' lang='lat' dir='ltr'><strong>vallis</strong></span> <span class='ocrx_word' id='word_1_47' title='bbox 1302 1154 1369 1212; x_wconf 88' lang='lat' dir='ltr'><strong>in</strong></span> <span class='ocrx_word' id='word_1_48' title='bbox 1408 1155 1596 1213; x_wconf 68' lang='lat' dir='ltr'><strong>altera</strong></span> 
     </span>
    </p>
   </div>
   <div class='ocr_carea' id='block_1_6' title="bbox 369 1250 1701 1326">
    <p class='ocr_par' dir='ltr' id='par_1_8' title="bbox 369 1250 1701 1326">
     <span class='ocr_line' id='line_1_11' title="bbox 369 1250 1701 1326; baseline 0 -18"><span class='ocrx_word' id='word_1_49' title='bbox 369 1250 563 1309; x_wconf 81' lang='lat' dir='ltr'><strong>visum</strong></span> <span class='ocrx_word' id='word_1_50' title='bbox 602 1256 771 1326; x_wconf 67' lang='lat' dir='ltr'><strong>parte</strong></span> <span class='ocrx_word' id='word_1_51' title='bbox 810 1251 1017 1326; x_wconf 92' lang='lat' dir='ltr'><strong>lupum</strong></span> <span class='ocrx_word' id='word_1_52' title='bbox 1057 1251 1342 1326; x_wconf 86' lang='lat' dir='ltr'><strong>graminis</strong></span> <span class='ocrx_word' id='word_1_53' title='bbox 1380 1251 1701 1324; x_wconf 88' lang='lat' dir='ltr'><strong>immemor,</strong></span> 
     </span>
    </p>
   </div>
   <div class='ocr_carea' id='block_1_7' title="bbox 371 1344 1395 1630">
    <p class='ocr_par' dir='ltr' id='par_1_9' title="bbox 371 1344 1395 1630">
     <span class='ocr_line' id='line_1_12' title="bbox 371 1344 1395 1421; baseline 0.003 -19"><span class='ocrx_word' id='word_1_54' title='bbox 371 1344 610 1411; x_wconf 79' lang='lat' dir='ltr'>sublimi</span> <span class='ocrx_word' id='word_1_55' title='bbox 647 1344 838 1421; x_wconf 76' lang='lat' dir='ltr'><strong>fugies</strong></span> <span class='ocrx_word' id='word_1_56' title='bbox 876 1347 1070 1404; x_wconf 84' lang='lat' dir='ltr'><strong>mollis</strong></span> <span class='ocrx_word' id='word_1_57' title='bbox 1108 1347 1395 1421; x_wconf 72' lang='lat' dir='ltr'><strong>anhelitu,</strong></span> 
     </span>
     <span class='ocr_line' id='line_1_13' title="bbox 529 1441 1329 1517; baseline 0.008 -19"><span class='ocrx_word' id='word_1_58' title='bbox 529 1460 652 1499; x_wconf 87' lang='lat' dir='ltr'><strong>non</strong></span> <span class='ocrx_word' id='word_1_59' title='bbox 690 1441 800 1500; x_wconf 85' lang='lat' dir='ltr'><strong>hoo</strong></span> <span class='ocrx_word' id='word_1_60' title='bbox 838 1443 1135 1517; x_wconf 70' lang='lat' dir='ltr'><strong>pollicit-‚us</strong></span> <span class='ocrx_word' id='word_1_61' title='bbox 1173 1450 1329 1504; x_wconf 78' lang='lat' dir='ltr'><strong>tuae.</strong></span> 
     </span>
     <span class='ocr_line' id='line_1_14' title="bbox 372 1552 1307 1630; baseline 0.001 -19"><span class='ocrx_word' id='word_1_62' title='bbox 372 1552 655 1611; x_wconf 81' lang='lat' dir='ltr'><strong>iracunda</strong></span> <span class='ocrx_word' id='word_1_63' title='bbox 694 1552 850 1612; x_wconf 91' lang='lat' dir='ltr'><strong>diem</strong></span> <span class='ocrx_word' id='word_1_64' title='bbox 889 1554 1149 1630; x_wconf 72' lang='lat' dir='ltr'><strong>proferet</strong></span> <span class='ocrx_word' id='word_1_65' title='bbox 1188 1553 1307 1612; x_wconf 87' lang='lat' dir='ltr'><strong>Ilio</strong></span> 
     </span>
    </p>
   </div>
   <div class='ocr_carea' id='block_1_8' title="bbox 372 1649 1679 1915">
    <p class='ocr_par' dir='ltr' id='par_1_10' title="bbox 372 1649 1679 1915">
     <span class='ocr_line' id='line_1_15' title="bbox 372 1649 1679 1727; baseline 0.002 -21"><span class='ocrx_word' id='word_1_66' title='bbox 372 1649 772 1726; x_wconf 79' lang='lat' dir='ltr'><strong>matronisque</strong></span> <span class='ocrx_word' id='word_1_67' title='bbox 811 1650 1116 1727; x_wconf 82' lang='lat' dir='ltr'><strong>Phrygum</strong></span> <span class='ocrx_word' id='word_1_68' title='bbox 1156 1650 1357 1710; x_wconf 83' lang='lat' dir='ltr'><strong>classis</strong></span> <span class='ocrx_word' id='word_1_69' title='bbox 1396 1650 1651 1708; x_wconf 76' lang='lat' dir='ltr'><strong>Achillei</strong></span> <span class='ocrx_word' id='word_1_70' title='bbox 1661 1672 1679 1724; x_wconf 81' lang='lat'><em>3</em></span> 
     </span>
     <span class='ocr_line' id='line_1_16' title="bbox 375 1742 1510 1820; baseline 0.003 -19"><span class='ocrx_word' id='word_1_71' title='bbox 375 1749 510 1820; x_wconf 71' lang='lat' dir='ltr'><strong>post</strong></span> <span class='ocrx_word' id='word_1_72' title='bbox 549 1749 740 1803; x_wconf 72' lang='lat' dir='ltr'><strong>certas</strong></span> <span class='ocrx_word' id='word_1_73' title='bbox 776 1742 998 1804; x_wconf 81' lang='lat' dir='ltr'><strong>hiemes</strong></span> <span class='ocrx_word' id='word_1_74' title='bbox 1038 1751 1174 1803; x_wconf 70' lang='lat' dir='ltr'><strong>ureb</strong></span> <span class='ocrx_word' id='word_1_75' title='bbox 1212 1746 1510 1804; x_wconf 81' lang='lat' dir='ltr'><strong>Achaious</strong></span> 
     </span>
     <span class='ocr_line' id='line_1_17' title="bbox 534 1838 1198 1915; baseline 0.002 -17"><span class='ocrx_word' id='word_1_76' title='bbox 534 1838 689 1915; x_wconf 86' lang='lat' dir='ltr'><strong>ignis</strong></span> <span class='ocrx_word' id='word_1_77' title='bbox 727 1839 941 1899; x_wconf 80' lang='lat' dir='ltr'><strong>Iliacas</strong></span> <span class='ocrx_word' id='word_1_78' title='bbox 981 1840 1198 1901; x_wconf 80' lang='lat' dir='ltr'><strong>domos,</strong></span> 
     </span>
    </p>
   </div>
   <div class='ocr_carea' id='block_1_9' title="bbox 822 2187 1630 2274">
    <p class='ocr_par' dir='ltr' id='par_1_11' title="bbox 822 2187 1630 2274">
     <span class='ocr_line' id='line_1_18' title="bbox 822 2187 1630 2274; baseline 0.006 -14"><span class='ocrx_word' id='word_1_79' title='bbox 822 2201 1183 2261; x_wconf 80' lang='lat' dir='ltr'><strong>GARMEN</strong></span> <span class='ocrx_word' id='word_1_80' title='bbox 1222 2203 1400 2265; x_wconf 61' lang='lat' dir='ltr'>XVI„</span> <span class='ocrx_word' id='word_1_81' title='bbox 1475 2187 1630 2274; x_wconf 49' lang='lat' dir='ltr'><strong>xj</strong></span> 
     </span>
    </p>
   </div>
   <div class='ocr_carea' id='block_1_10' title="bbox 381 2378 1463 2456">
    <p class='ocr_par' dir='ltr' id='par_1_12' title="bbox 381 2378 1463 2456">
     <span class='ocr_line' id='line_1_19' title="bbox 381 2378 1463 2456; baseline 0 -19"><span class='ocrx_word' id='word_1_82' title='bbox 381 2379 434 2437; x_wconf 92' lang='grc' dir='ltr'>Ο</span> <span class='ocrx_word' id='word_1_83' title='bbox 473 2383 663 2438; x_wconf 70' lang='lat' dir='ltr'><strong>matre</strong></span> <span class='ocrx_word' id='word_1_84' title='bbox 700 2378 947 2455; x_wconf 85' lang='lat' dir='ltr'><strong>pulchra</strong></span> <span class='ocrx_word' id='word_1_85' title='bbox 985 2379 1109 2437; x_wconf 90' lang='lat' dir='ltr'><strong>filia</strong></span> <span class='ocrx_word' id='word_1_86' title='bbox 1148 2379 1463 2456; x_wconf 84' lang='lat' dir='ltr'><strong>pulchrior,</strong></span> 
     </span>
    </p>
   </div>
   <div class='ocr_carea' id='block_1_11' title="bbox 380 2475 1669 2725">
    <p class='ocr_par' dir='ltr' id='par_1_13' title="bbox 380 2475 1669 2725">
     <span class='ocr_line' id='line_1_20' title="bbox 380 2475 1669 2552; baseline -0.001 -19"><span class='ocrx_word' id='word_1_87' title='bbox 380 2495 555 2552; x_wconf 89' lang='lat' dir='ltr'><strong>quem</strong></span> <span class='ocrx_word' id='word_1_88' title='bbox 595 2475 922 2534; x_wconf 82' lang='lat' dir='ltr'><strong>criminosis</strong></span> <span class='ocrx_word' id='word_1_89' title='bbox 960 2494 1190 2551; x_wconf 85' lang='lat' dir='ltr'><strong>cunque</strong></span> <span class='ocrx_word' id='word_1_90' title='bbox 1227 2476 1391 2534; x_wconf 84' lang='lat' dir='ltr'><strong>voles</strong></span> <span class='ocrx_word' id='word_1_91' title='bbox 1429 2475 1669 2534; x_wconf 89' lang='lat' dir='ltr'><strong>modum</strong></span> 
     </span>
     <span class='ocr_line' id='line_1_21' title="bbox 539 2570 1431 2649; baseline -0.003 -19"><span class='ocrx_word' id='word_1_92' title='bbox 539 2589 722 2649; x_wconf 83' lang='lat' dir='ltr'><strong>pones</strong></span> <span class='ocrx_word' id='word_1_93' title='bbox 758 2570 985 2643; x_wconf 75' lang='lat' dir='ltr'><strong>iambis,</strong></span> <span class='ocrx_word' id='word_1_94' title='bbox 1028 2570 1154 2628; x_wconf 86' lang='lat' dir='ltr'><strong>sive</strong></span> <span class='ocrx_word' id='word_1_95' title='bbox 1194 2570 1431 2627; x_wconf 89' lang='lat' dir='ltr'><strong>flamma</strong></span> 
     </span>
     <span class='ocr_line' id='line_1_22' title="bbox 699 2665 1567 2725; baseline -0.001 0"><span class='ocrx_word' id='word_1_96' title='bbox 699 2666 825 2725; x_wconf 84' lang='lat' dir='ltr'><strong>sive</strong></span> <span class='ocrx_word' id='word_1_97' title='bbox 863 2666 1014 2723; x_wconf 84' lang='lat' dir='ltr'><strong>mari</strong></span> <span class='ocrx_word' id='word_1_98' title='bbox 1052 2666 1202 2724; x_wconf 72' lang='lat' dir='ltr'><strong>libet</strong></span> <span class='ocrx_word' id='word_1_99' title='bbox 1240 2665 1567 2725; x_wconf 78' lang='lat' dir='ltr'><strong>Hadriano,</strong></span> 
     </span>
    </p>
   </div>
   <div class='ocr_carea' id='block_1_12' title="bbox 383 2776 1589 3043">
    <p class='ocr_par' dir='ltr' id='par_1_14' title="bbox 383 2776 1589 3043">
     <span class='ocr_line' id='line_1_23' title="bbox 383 2776 1568 2854; baseline -0.003 -18"><span class='ocrx_word' id='word_1_100' title='bbox 383 2796 505 2836; x_wconf 91' lang='lat' dir='ltr'><strong>non</strong></span> <span class='ocrx_word' id='word_1_101' title='bbox 542 2777 933 2854; x_wconf 80' lang='lat' dir='ltr'><strong>Dindymene,</strong></span> <span class='ocrx_word' id='word_1_102' title='bbox 974 2796 1096 2835; x_wconf 88' lang='lat' dir='ltr'><strong>non</strong></span> <span class='ocrx_word' id='word_1_103' title='bbox 1135 2777 1333 2853; x_wconf 76' lang='lat' dir='ltr'><strong>adytis</strong></span> <span class='ocrx_word' id='word_1_104' title='bbox 1371 2776 1568 2852; x_wconf 67' lang='lat' dir='ltr'><strong>quatit</strong></span> 
     </span>
     <span class='ocr_line' id='line_1_24' title="bbox 385 2870 1589 2947; baseline -0.001 -17"><span class='ocrx_word' id='word_1_105' title='bbox 385 2879 641 2932; x_wconf 76' lang='lat' dir='ltr'><strong>mentem</strong></span> <span class='ocrx_word' id='word_1_106' title='bbox 680 2873 1047 2932; x_wconf 67' lang='lat' dir='ltr'><strong>saeerdobum</strong></span> <span class='ocrx_word' id='word_1_107' title='bbox 1086 2872 1279 2929; x_wconf 85' lang='lat' dir='ltr'><strong>incola</strong></span> <span class='ocrx_word' id='word_1_108' title='bbox 1318 2870 1589 2947; x_wconf 75' lang='lat' dir='ltr'><strong>Pythius,</strong></span> 
     </span>
     <span class='ocr_line' id='line_1_25' title="bbox 543 2969 1503 3043; baseline -0.004 -16"><span class='ocrx_word' id='word_1_109' title='bbox 543 2988 666 3028; x_wconf 90' lang='lat' dir='ltr'><strong>non</strong></span> <span class='ocrx_word' id='word_1_110' title='bbox 705 2969 885 3026; x_wconf 88' lang='lat' dir='ltr'><strong>Liber</strong></span> <span class='ocrx_word' id='word_1_111' title='bbox 923 2986 1122 3043; x_wconf 89' lang='lat' dir='ltr'><strong>aeque,</strong></span> <span class='ocrx_word' id='word_1_112' title='bbox 1167 2985 1290 3024; x_wconf 89' lang='lat' dir='ltr'><strong>non</strong></span> <span class='ocrx_word' id='word_1_113' title='bbox 1328 2972 1503 3024; x_wconf 74' lang='lat' dir='ltr'><strong>acuta</strong></span> 
     </span>
    </p>
   </div>
   <div class='ocr_carea' id='block_1_13' title="bbox 702 3061 1723 3140">
    <p class='ocr_par' dir='ltr' id='par_1_15' title="bbox 702 3061 1723 3140">
     <span class='ocr_line' id='line_1_26' title="bbox 702 3061 1723 3140; baseline -0.005 -18"><span class='ocrx_word' id='word_1_114' title='bbox 702 3064 786 3122; x_wconf 87' lang='lat' dir='ltr'><strong>sic</strong></span> <span class='ocrx_word' id='word_1_115' title='bbox 824 3063 1128 3140; x_wconf 77' lang='lat' dir='ltr'><strong>geminant</strong></span> <span class='ocrx_word' id='word_1_116' title='bbox 1170 3061 1535 3140; x_wconf 76' lang='lat' dir='ltr'><strong>Corybantes</strong></span> <span class='ocrx_word' id='word_1_117' title='bbox 1572 3080 1723 3132; x_wconf 89' lang='lat' dir='ltr'><strong>aera,</strong></span> 
     </span>
    </p>
   </div>
   <div class='ocr_carea' id='block_1_14' title="bbox 1916 237 1980 292">
    <p class='ocr_par' dir='ltr' id='par_1_16' title="bbox 1916 237 1980 292">
     <span class='ocr_line' id='line_1_27' title="bbox 1916 237 1980 292; baseline 0.063 -4"><span class='ocrx_word' id='word_1_118' title='bbox 1916 237 1980 292; x_wconf 75' lang='lat'><strong>17</strong></span> 
     </span>
    </p>
   </div>
   <div class='ocr_carea' id='block_1_15' title="bbox 1950 1776 1998 1814">
    <p class='ocr_par' dir='ltr' id='par_1_17' title="bbox 1950 1776 1998 1814">
     <span class='ocr_line' id='line_1_28' title="bbox 1950 1776 1998 1814; baseline -0.021 0"><span class='ocrx_word' id='word_1_119' title='bbox 1950 1776 1998 1814; x_wconf 85' lang='lat'><strong>35</strong></span> 
     </span>
    </p>
   </div>
  </div>
 </body>
</html>
