2326 3488
379 253 413 301 8
716 194 723 199 ·
863 237 1189 296 HORATII
1238 236 1660 293 CARMINUM

535 365 667 439 quis
705 350 964 420 Martem
1002 359 1206 417 tunica
1244 364 1468 416 tectum
1505 357 1885 418 adamantina

424 508 427 513 .
538 459 715 533 digne
753 455 1085 532 scripserit‘l
1123 460 1232 512 aut
1270 454 1511 530 pulvere
1550 454 1756 512 Troico
2127 509 2136 515 .

535 554 771 629 nigrum
810 551 1136 624 Merionen,
1179 555 1287 608 aut
1324 569 1434 626 ope
1474 548 1735 608 Palladis
2119 583 2165 620 ις

696 644 965 721 Tydiden
1004 644 1233 720 superis
1272 644 1518 718 parem?

534 760 642 800 nos
679 740 966 814 convivia,
1006 758 1116 798 nos
1154 739 1379 814 proelia
1422 738 1714 814 virginum

540 836 713 896 sectis
750 835 817 894 in
853 835 1098 894 iuvenes
1135 835 1432 911 unguibus
1469 834 1692 892 acrium

542 938 847 989 cantamus
884 929 1073 1002 vacui,
1114 929 1244 988 sive
1282 928 1427 1006 quid
1467 929 1711 1000 urimur,

699 1043 821 1102 non
854 1030 1094 1102 praeter
1131 1024 1373 1082 solitum
1412 1023 1586 1081 leves.

995 1283 1363 1387 (ΪΣΑΒΜΕΝΙ
1397 1284 1545 1342 VH.

388 1429 745 1488 Laudabunt
782 1427 887 1486 alii
904 1428 1143 1486 .elaram
1184 1427 1440 1487 Rhodon
1478 1433 1587 1485 aut
1625 1427 1960 1503 Mytilenen

543 1531 649 1582 aut
688 1524 962 1600 Epheson
999 1524 1317 1581 bimarisve
1357 1523 1628 1581 Corinthi

387 1621 617 1677 moenia
655 1619 750 1676 vel
790 1616 1021 1674 Baccho
1060 1617 1292 1675 Thebas
1328 1617 1425 1674 vel
1464 1617 1745 1694 Apolline
1785 1617 2050 1695 Delphos

545 1712 807 1793 insigne-g
838 1715 947 1769 aut
984 1710 1262 1769 Thessala
1300 1710 1530 1789 Tempe.

388 1814 542 1880 sunt,
572 1807 785 1882 quibus
810 1826 996 1865 unum
1021 1823 1170 1882 opus
1195 1812 1301 1880 est,
1329 1807 1587 1866 intactae
1607 1806 1867 1868 Palladis
1886 1809 2091 1868 urbem
2149 1842 2171 1877 5

536 1903 802 1982 ‘carmine
841 1909 1122 1980 perpetuo
1162 1903 1472 1962 celebrare.
1492 1909 1554 1961 et

389 1998 648 2076 undique
687 1999 1020 2076 decerptam
1059 1999 1244 2057 fronti
1283 2019 1638 2077 praeponere
1678 2001 1909 2059 olivam.

548 2095 835 2170 plurimus
873 2095 939 2152 in
978 2095 1228 2153 Iunonis
1265 2096 1546 2153 honorem

389 2197 593 2268 aptum
633 2192 788 2250 dicet
826 2192 992 2266 equis
1028 2166 1226 2266 Arggs
1265 2192 1531 2268 ditesque
1571 2193 1868 2270 Mycenas

548 2307 641 2344 me
680 2305 787 2343 nec
826 2292 951 2343 tam
990 2287 1223 2362 patiens
1262 2287 1662 2347 Lacedaemon

390 2400 497 2438 nee
536 2386 660 2438 tam
700 2381 968 2440 Larissae
1007 2383 1293 2457 percussit
1333 2403 1571 2460 campus
1611 2385 1854 2459 opimae,

549 2495 727 2551 quam
766 2477 974 2564 domus
1013 2478 1327 2536 Albuneae
1366 2480 1697 2537 resonantis

392 2577 452 2628 et
490 2590 763 2647 praeceps
801 2557 964 2631 Anio
1002 2593 1072 2631 ae
1109 2574 1358 2631 Tiburni
1397 2575 1564 2635 lucus
1602 2582 1665 2638 et
1702 2577 1821 2636 uda

551 2666 866 2725 mobilibus
903 2670 1168 2743 pomaria
1207 2643 1454 2782 rivisf!

393 2763 561 2821 albus
599 2770 670 2819 ut
709 2766 952 2823 obscuro
992 2765 1258 2841 deterget
1296 2755 1501 2827 nubila
1540 2772 1699 2828 caelo
2126 2798 2175 2839 ις

551 2875 722 2930 saepe
759 2858 958 2919 Notus
996 2877 1187 2936 neque
1226 2863 1485 2938 parturit
1522 2864 1740 2921 imbres

395 2955 690 3026 perpetuO,
734 2950 818 3006 sio
854 2957 926 3009 tu
965 2955 1196 3029 sapiens
1235 2956 1405 3013 finire
1445 2965 1738 3015 memento

555 3042 859 3099 tristitiam
898 3045 1171 3120 vitaeque
1209 3049 1436 3108 labores
