2326 3488
818 205 961 261 LIB.
1015 205 1058 260 Ι.
1110 206 1274 259 CAR.
1327 204 1601 260 XXVIII.
1691 276 1699 284 .
2035 206 2101 261 27

323 322 584 398 pulveris
621 322 821 399 exigui
860 341 1041 400 prope
1078 324 1225 381 litus
1264 343 1449 399 parva
1488 324 1787 380 Matinum

483 437 744 490 munera,
785 436 894 475 nec
931 419 1253 495 quidquam
1292 417 1407 475 tibi
1445 417 1684 493 prodest

324 513 510 579 aerias
547 519 807 572 tentasse
847 511 1049 571 domos
1087 513 1401 588 animoque
1439 511 1773 577 rotundum·
2082 539 2106 578 ⁵

482 607 835 685 percurrisse
872 608 1075 685 polum
1112 608 1416 667 morituro.

322 703 536 761 occidit
574 708 637 764 et
675 702 912 779 Pelopis
948 704 1197 779 genitor,
1239 702 1489 760 conviva
1528 702 1786 773 deorum,

482 798 883 874 Tithonusque
922 803 1184 856 remotus
1221 797 1288 854 in
1325 815 1502 854 auras

322 900 385 952 et
423 894 587 952 Iovis
625 895 855 952 arcanis
894 893 1096 953 Minos
1120 893 1439 965 admissua
1481 892 1817 967 habentque

480 990 728 1048 Tartara
768 988 1143 1047 Panthoiden
1182 989 1399 1046 iterum
1440 987 1614 1061 Orco·
1826 1057 1834 1063 -
2063 1017 2112 1045 ιο

322 1085 673 1157 demissum,
695 1085 978 1161 quamvis,
1021 1085 1208 1161 clipeo
1247 1084 1501 1143 Troiana
1538 1085 1724 1142 refixo

482 1185 749 1256 tempora
786 1185 1055 1252 testatuS,
1098 1179 1251 1236 nihil
1291 1179 1452 1237 ultra

325 1295 538 1334 nervos
576 1282 755 1352 atque
794 1283 987 1335 cutem
1026 1277 1207 1335 morti
1246 1281 1608 1334 concesserat
1648 1281 1827 1347 atrae,

487 1372 680 1430 iudice
717 1378 780 1428 te
818 1391 941 1428 non
980 1372 1251 1430 sordidus
1289 1378 1496 1431 auctor

322 1475 575 1526 naturae
614 1467 870 1543 verique.
954 1468 1057 1526 sed
1096 1487 1299 1526 omnes
1337 1488 1459 1526 una
1497 1474 1698 1525 manet
1739 1487 1860 1525 nox
2062 1497 2109 1534 ις

484 1571 547 1623 et
585 1565 863 1624 calcanda
901 1564 1080 1624 semel
1119 1554 1234 1623 via'
1258 1564 1380 1624 leti.

322 1659 470 1718 dant
508 1660 655 1719 alios
694 1661 910 1719 Furiae
946 1666 1120 1719 torvo
1159 1660 1492 1736 spectacula
1530 1660 1758 1735 Marti3

481 1757 666 1815 exitio
704 1763 795 1815 est
832 1757 1078 1815 avidum
1113 1776 1277 1815 mare
1315 1758 1550 1829 nautis;

321 1853 512 1911 mixta
577 1871 783 1911 senum
846 1872 916 1911 ac
990 1853 1275 1910 iuvenum
1350 1852 1672 1911 densentur
1738 1851 1963 1923 funera,

719 1948 953 2006 nullum

485 2061 661 2100 saeva
699 2049 878 2124 caput
918 2042 1272 2118 Proserpina
1310 2040 1482 2117 fugit.
2059 2070 2111 2098 ω

326 2154 418 2193 me
457 2155 687 2212 quoque
726 2137 937 2195 devexi
977 2137 1219 2213 rapidus
1257 2155 1447 2194 comes
1488 2135 1725 2194 Orionis

483 2232 740 2309 Illyricis
779 2233 978 2291 Notus
1016 2232 1217 2290 obruit
1256 2232 1446 2291 undis.

321 2333 388 2385 at
426 2333 512 2398 tu,
555 2332 755 2399 nauta,
797 2346 981 2403 vagae
1020 2346 1096 2384 ne
1135 2346 1308 2402 parce
1346 2327 1640 2402 malignus
1677 2344 1888 2384 arenae

483 2421 711 2480 ossibus
749 2427 812 2479 et
851 2422 1033 2497 capiti
1070 2420 1382 2479 inhumato

320 2517 671 2593 particulam
712 2518 887 2576 dare:
927 2519 1024 2589 sic,
1055 2517 1442 2594 quodcunque
1469 2517 1793 2574 minabitur
1820 2518 2016 2573 Eurus
2057 2543 2106 2582 25

481 2613 762 2671 fluctibus
800 2613 1125 2689 Hesperiis,
1169 2613 1513 2670 Venusinae

320 2704 658 2781 plectantur
697 2707 880 2764 silvae
920 2693 982 2765 te
1022 2708 1256 2782 sospite,
1300 2707 1604 2783 multaque
1643 2726 1880 2779 merceS,

479 2801 638 2860 unde
676 2808 886 2878 potest,
929 2803 1043 2860 tibi
1083 2803 1306 2860 defluat
1345 2821 1532 2877 aequo

321 2897 397 2954 ab
436 2897 581 2955 Iove
621 2896 1020 2974 Neptunoque
1058 2898 1209 2954 sacri
1249 2897 1488 2954 custode
1527 2897 1788 2955 Tarenti.

479 2993 727 3070 negligis
764 2995 1077 3052 immeritis
1116 2995 1447 3051 nocituram
2055 3023 2107 3061 30

1734 3187 1873 3237 3--2
