2326 3488
798 237 1125 293 HORATII
1176 238 1600 293 CARMINUM

465 384 602 440 ergo
643 364 1031 434 Quinctilium
1071 370 1391 440 perpetuus
1430 381 1603 438 sopor

464 460 671 537 urget!
752 461 848 518 cui
889 460 1091 519 Pudor
1130 466 1192 518 et
1233 459 1509 517 Iustitiae
1550 478 1729 530 soror,

465 556 806 630 incorrupta
847 555 1037 628 Fides,
1080 555 1356 630 nudaque
1396 554 1639 612 Veritas

545 650 782 725 quando
821 649 1316 727 ullumjnveniet
1354 650 1595 724 parem‘l

464 758 669 815 multis
709 758 810 816 1116
848 759 1018 817 bonis
1058 759 1270 816 flebilis
1312 757 1539 829 occidit,

466 853 620 909 nulli
658 853 907 911 flebilior
947 873 1124 928 quam
1165 854 1294 923 tibi,
1340 852 1574 927 virgili.

468 954 538 1004 tu
579 949 803 1006 frustra
841 951 974 1024 pius
1014 949 1131 1006 heu
1172 969 1294 1006 non
1332 949 1419 1005 ita
1459 947 1748 1005 creditum

545 1045 732 1118 poscis
774 1044 1162 1113 Quinctilium
1204 1044 1356 1102 deos·

412 1237 416 1242 ι
468 1154 624 1230 quod
666 1156 717 1211 si
756 1155 1022 1212 Threicio
1059 1153 1337 1217 blandius
1379 1153 1613 1230 Orpheo

448 1250 734 1327 aauditam
773 1251 1073 1307 moderere
1112 1250 1419 1308 arboribus
1458 1250 1760 1331 fidemsx-

226 1358 231 1371 ·
306 1344 315 1353 ”
422 1364 429 1373 ·
468 1360 597 1409 now
629 1365 818 1407 vanae
859 1346 1062 1411 redeat
1101 1346 1354 1420 sanguis
1378 1345 1640 1420 imagini,

472 1446 489 1455 ‘
548 1461 726 1517 quam
765 1442 934 1516 virga
973 1443 1151 1499 semel
1189 1440 1443 1513 horrida,

467 1573 589 1610 non
628 1554 778 1611 lenis
817 1555 1084 1630 precibus
1123 1553 1251 1610 fata
1290 1551 1603 1622 recludere,

468 1649 638 1723 nigro
677 1650 1024 1724 compulerit
1063 1648 1397 1705 Mercurius
1434 1646 1611 1722 gregi.

468 1740 719 1799 durum:
774 1740 877 1798 sed
916 1739 1105 1802 levius
1143 1739 1216 1796 fit
1254 1739 1559 1815 patientia,

549 1836 836 1913 quidquid
875 1836 1162 1912 corrigere
1202 1841 1293 1912 est
1332 1835 1514 1895 nefas,

895 2194 1256 2254 GARMEN
1298 2194 1505 2255 XXV.

473 2374 715 2433 Parcius
753 2374 984 2432 iunctas
1024 2376 1304 2451 quatiunt
1343 2374 1631 2430 fenestras

468 2470 682 2551 ictibus
721 2470 937 2527 crebris
975 2470 1219 2526 iuvenes
1257 2467 1535 2544 protervi,

469 2583 578 2622 nec
616 2564 729 2621 tibi
768 2582 1000 2622 somnos
1039 2563 1328 2635 adimunt,
1370 2566 1645 2637 amatque

709 2660 890 2718 ianua
929 2660 1127 2731 limen,
1440 2738 1451 2751 .

472 2792 622 2848 quae
661 2773 828 2849 prius
865 2773 1120 2844 multum
1160 2771 1352 2830 facilis
1390 2773 1665 2831 movebat

473 2868 774 2942 cardines3
827 2870 997 2927 audis
1035 2870 1233 2927 minus
1272 2876 1334 2927 et
1371 2870 1568 2926 minus
1607 2869 1760 2925 iam:

479 2968 512 2995 “
528 2981 622 3021 me
661 2970 768 3020 tuo
807 2965 1011 3039 longas
1050 2973 1335 3041 pereunte
1376 2972 1590 3040 noctes,

715 3056 918 3131 Lydia,
961 3059 1180 3118 dormis
1200 3061 1264 3119 2²²

1812 2997 1834 3070 Α
