2326 3488
330 200 396 250 16
640 212 644 216 ·
813 191 1142 249 HORATII
1192 192 1617 248 CARMINUM
1759 190 1984 321 Qum)

484 332 674 388 nuper
693 289 697 293 ⁵
713 311 1027 370 sollicitum
1066 331 1234 388 quae-
1256 312 1404 369 mihi
1443 312 1724 385 taedium,

485 426 644 464 nunc
682 406 1035 464 desiderium
1075 424 1332 480 curaque
1370 425 1494 495 non
1531 406 1697 478 levis,
1797 440 1826 461 k
1840 387 1964 463 ιρν«3)

644 501 936 559 interfusa
973 501 1235 558 hibentes

723 598 878 656 vites
916 616 1172 673 aequora
1211 595 1511 672 Cycladas·

945 957 1309 1016 OARMEN
1348 957 1493 1017 XV.

490 1132 703 1191 Pastor
741 1152 874 1190 cum
913 1132 1177 1190 traheret
1216 1151 1322 1208 per
1360 1132 1517 1190 freta
1555 1131 1809 1189 navibus

491 1229 689 1285 Idaeis
729 1227 1002 1285 Helenen
1042 1227 1300 1303 perfidus
1339 1227 1650 1303 hospitam,

491 1324 724 1399 ingrato
764 1323 977 1381 celeres
1015 1323 1215 1381 obruit
1256 1323 1377 1381 otio

651 1426 873 1491 ventos,
915 1426 987 1477 ut
1025 1425 1262 1477 caneret
1300 1419 1428 1477 fera

496 1530 729 1588 Nereus
767 1530 923 1587 fata:
980 1535 1014 1563 “
1031 1530 1189 1588 mala
1229 1530 1394 1587 ducis
1433 1529 1533 1587 avi
1576 1528 1831 1601 domum,

494 1646 670 1701 quam
710 1626 898 1683 multo
938 1632 1165 1702 repetet
1206 1625 1453 1683 Graecia
1491 1625 1697 1699 milite,

495 1722 799 1780 coniurata
837 1727 973 1780 tuas
1011 1741 1283 1798 rumpere
1322 1721 1563 1799 nuptias
1631 1780 1637 1786 ,

653 1823 716 1875 et
754 1836 998 1893 regnum
1039 1816 1266 1873 Priami
1305 1824 1492 1875 vetus.

496 1930 613 1987 heu
653 1929 769 1987 heu
810 1936 1068 2005 quantus
1107 1929 1289 2004 equis,
1333 1934 1594 2005 quantus
1632 1928 1801 1986 adest
1841 1927 1984 1985 viris

495 2026 708 2085 sudor!
788 2033 1012 2102 quanta
1050 2045 1252 2085 moves
1291 2026 1503 2084 funera
1542 2025 1859 2083 Dardanae

495 2122 693 2200 genti!
772 2124 892 2179 iam
930 2122 1155 2197 galeam
1197 2121 1395 2179 Pallas
1433 2127 1495 2179 et
1534 2119 1741 2196 aegida

656 2233 974 2291 currusque
1013 2220 1076 2273 et
1113 2215 1337 2272 rabiem
1375 2219 1563 2291 parat.

497 2329 854 2405 nequiquam
894 2328 1148 2386 Veneris
1187 2326 1478 2403 praesidio
1516 2325 1686 2382 ferox

500 2431 696 2502 pectes
734 2423 1046 2482 caesariem
1085 2429 1370 2498 grataque
1410 2419 1647 2477 feminis

499 2523 723 2582 imbelli
761 2522 988 2580 cithara
1027 2521 1289 2578 carmina
1328 2517 1597 2590 divides3

659 2617 1017 2691 nequiquam
1056 2614 1320 2671 thalamo
1360 2630 1570 2689 graves

503 2732 704 2790 hastas
743 2736 806 2788 et
843 2728 1055 2787 calami
1094 2728 1320 2804 spicula
1361 2727 1563 2785 Cnosii

503 2828 721 2885 vitabis
760 2827 1191 2902 strepitumque
1228 2831 1292 2884 et
1330 2825 1575 2887 celerem
1615 2824 1782 2899 sequi

504 2920 782 2993 Aiacem3
831 2927 1034 2978 tamen
1072 2921 1190 2979 heu
1230 2940 1394 2979 serus
1433 2920 1735 2979 adulteros

665 3016 854 3072 crines
892 3016 1135 3092 pulvere
1176 3017 1430 3078 collinae.
